4866 6178
1279 401 1489 464 ..16-

473 593 595 656 animos
617 590 756 674 agitandi
779 595 811 654 et
830 589 957 674 ingenia
978 588 1113 654 acuendi
1135 591 1165 653 ei
1186 608 1250 652 nou
1272 587 1395 669 deerat,
1418 589 1473 672 qui
1493 593 1601 652 umen
1629 593 1737 674 utpote
1764 587 1985 674 philosophus,
2012 607 2126 672 quum
2161 591 2289 651 totum
2319 608 2354 650 se

473 693 660 780 philologiae
685 713 749 757 non
777 693 931 774 dedisset,
959 693 994 758 in
1019 690 1187 778 philologia
1207 689 1287 755 nihil
1309 692 1484 776 perlectum
1506 691 1643 775 prolerre
1665 692 1777 776 potuit.
1821 689 1858 755 Id
1879 689 2026 755 relictum
2047 695 2133 754 erat
2162 690 2354 754 Gramma-

473 797 545 860 ticis
573 794 811 877 Alexandrinis,
843 794 884 860 ad
913 815 1048 879 qnorum
1077 793 1182 859 studia
1209 795 1292 857 iuste
1321 792 1519 858 aestimanda
1549 791 1757 857 Chamaeleon
1786 792 1899 859 litteris
1932 796 1999 858 suis
2031 791 2215 877 aequales
2256 793 2353 874 quasi

474 899 595 983 paravit
616 905 648 960 et
669 896 816 962 traduxit

423 1049 431 1066 .
626 997 731 1063 Semel
756 998 974 1064 tantummodo
1002 1002 1036 1063 in
1057 997 1160 1064 Sohol.
1187 998 1228 1063 ad
1249 999 1377 1063 Homeri
1400 997 1512 1080 Odyss.
1536 997 1786 1068 Chamaeleontis
1813 1017 1927 1062 nomen
1950 998 2081 1081 legitur,
2127 995 2180 1061 ad
2209 1017 2350 1060 versum

475 1101 508 1184 β,
530 1099 607 1164 334ι
630 1097 804 1176 Λευκοθέη,
825 1106 845 1171 l
866 1103 932 1190 πρὶν
955 1101 1009 1190 μὲν
1031 1105 1082 1171 ίην
1104 1089 1389 1188 βροτόςαύδήεσσα.
1585 1181 1592 1190 ¹

625 1202 811 1267 Aristoteles
832 1203 951 1268 iamin
973 1195 1124 1288 ζητήμασι
1146 1204 1211 1266 anis
1234 1237 1274 1248 --
1297 1205 1342 1266 sic
1371 1204 1455 1266 enim
1477 1201 1611 1266 arbitror
1633 1208 1760 1288 propter
1782 1223 1819 1266 ea
1847 1223 1926 1286 quae
1948 1204 1982 1266 in
2005 1201 2164 1281 scholiis,
2180 1201 2347 1284 leguntur

475 1297 561 1380 ζητεῖ
581 1302 788 1392 Ἀριστοτέλης
809 1341 850 1352 -
874 1307 1072 1388 quaesiverat
1094 1325 1151 1370 our
1174 1323 1213 1367 ex
1232 1304 1359 1368 Deabus
1383 1303 1532 1389 Calypso,
1554 1304 1661 1385 Circe,
1683 1304 1738 1368 Ino
1761 1304 1844 1369 solae
1867 1303 2109 1390 appellarentur
2138 1294 2342 1374 αὐδήεσσαι,

474 1427 550 1472 voce
572 1406 711 1471 hnmana
731 1407 900 1492 praeditae.
943 1406 1156 1472 Leucotheam
1170 1407 1215 1470 sio
1231 1399 1397 1492 appellari,
1420 1405 1535 1490 quippe
1557 1425 1637 1490 quae
1658 1405 1745 1492 prius
1763 1407 1904 1472 mortalis
1918 1409 2001 1471 iuter
2014 1407 2187 1472 mortales
2206 1409 2343 1470 versata

477 1515 576 1590 asset,
602 1510 708 1572 minus
731 1529 802 1574 enm
824 1509 1010 1586 offenderam
1039 1508 1121 1594 quod
1143 1529 1217 1572 vero
1237 1507 1322 1572 Deae
1349 1506 1541 1572 immortales
1566 1507 1627 1572 hoc
1649 1507 1804 1573 adiectivo
1832 1509 2103 1592 significarentur,
2134 1509 2341 1574 offensionis

476 1609 597 1695 aliquid
617 1610 743 1692 habuit,
767 1611 1012 1697 scrupulumque
1034 1613 1212 1675 iniecerunt
1232 1629 1342 1674 versus
1358 1608 1517 1692 Odysseae
1541 1632 1573 1687 κ,
1597 1610 1667 1674 136.
1691 1611 1740 1693 (ol.
1756 1610 1885 1675 Nitzsch
1900 1611 1950 1676 ad.
1967 1610 1997 1674 h.
2012 1611 2047 1694 l.)
2069 1615 2107 1688 λ,
2136 1611 2174 1673 8.
2204 1634 2246 1698 μ,
2267 1607 2340 1688 150,

476 1711 555 1795 449,
578 1713 633 1777 ubi
656 1719 689 1776 et
709 1713 842 1800 Calypso
864 1719 896 1778 et
911 1712 999 1777 Circe
1021 1699 1153 1777 adiectis
1176 1718 1327 1777 ornantur
1348 1701 1429 1782 δεινή
1452 1709 1518 1788 θεὸς
1540 1700 1698 1782 αὐδήεσσαι
1735 1711 1921 1778 Aristoteles
1943 1715 2052 1795 igitur,
2075 1715 2141 1798 qui
2170 1733 2235 1776 eas
2249 1711 2337 1775 Deas

477 1835 497 1880 a
518 1814 675 1880 coelicolis
696 1814 778 1896 illis,
801 1835 880 1898 quos
902 1817 1078 1903 οὐρανιῶνας
1100 1813 1237 1900 appellat
1258 1814 1430 1893 Homerus,
1459 1811 1626 1878 distinctas
1648 1813 1758 1896 vellet,
1780 1820 1812 1880 et
1833 1814 2058 1880 adiectivorum
2080 1817 2118 1880 iu
2148 1813 2224 1888 ήεις
2249 1812 2336 1876 desi·

476 1919 620 1982 nentium
648 1917 908 2000 significationem
938 1936 1050 2002 parum
1079 1917 1265 2002 respiceret,
1298 1904 1450 1986 αὐδήεσσα
1480 1915 1666 1981 vocabulum
1696 1919 1728 1980 in
1747 1906 1922 1996 ὀὐδήεσσα,
1956 1917 2007 1981 vel
2035 1919 2062 1981 si
2094 1923 2200 1982 recte
2239 1917 2332 1998 equi·
2401 1910 2404 1991 l

477 2019 549 2084 dem
571 2019 662 2084 video
688 2020 723 2081 in
745 2018 898 2088 αὐλήεσσα
924 2021 1075 2100 mutavit,
1102 2020 1193 2102 quasi
1220 2018 1258 2082 de
1279 2016 1408 2082 Deabua
1435 2035 1537 2082 sermo
1565 2023 1664 2098 esset,
1691 2017 1795 2082 aulam
1821 2019 1870 2084 vel
1893 2019 2017 2102 glebam
2043 2017 2330 2084 inhabitantibus.
2400 2090 2402 2099 Ι

476 2120 720 2207 Aristophanem
751 2119 940 2204 Byzantium
969 2109 1117 2190 αὐδήεσσα
1146 2119 1332 2186 vocabulum
1360 2119 1491 2204 legisse,
1521 2119 1599 2185 falso
1622 2119 1714 2185 docet
1741 2118 1870 2186 Nitzsob
1900 2121 1921 2185 l.
1944 2122 1980 2202 l.,
2013 2121 2138 2202 legitur
2171 2123 2267 2184 enim
2298 2121 2328 2180 in

477 2223 602 2290 Scholio
634 2227 649 2286 ό
679 2220 732 2310 μὲν
749 2217 963 2310 ,Ἀριστοφάνης
991 2221 1045 2296 τάς
1073 2210 1299 2310 ἀνθρωποειδεῖς
1326 2218 1396 2296 θεάς
1423 2211 1590 2297 αὐδηόσσας
1616 2223 1703 2310 φησίν
1730 2223 1817 2286 οἱονεὶ
1845 2224 1944 2310 φωνήν
1973 2225 2217 2312 μετειληφυίας,
2251 2225 2269 2283 ὁ
2297 2209 2326 2282 b*

476 2322 676 2414 Ἀριστοτέλης
691 2312 860 2394 αὐδήεσσαν
881 2323 963 2415 λέγει
986 2325 1073 2388 οἱονεὶ
1088 2325 1228 2413 ἐπίγειον·
1251 2322 1346 2398 οὐτως
1359 2325 1410 2387 καὶ
1425 2321 1616 2410 Χαμαιλέων,
1639 2323 1695 2388 ubi
1710 2322 1909 2407 Ἀριστοτέλης
1922 2325 1973 2390 vel
1987 2326 2169 2397 αὐλήισσαν
2193 2329 2325 2410 propter

479 2447 531 2508 ea,
553 2446 633 2509 quae
647 2427 681 2488 in
696 2423 821 2492 Scholio
844 2431 1033 2509 sequuntur,
1054 2425 1105 2490 vel
1121 2446 1192 2490 eum
1206 2425 1398 2490 Buttmanno
1421 2445 1489 2511 pag.
1507 2425 1568 2488 207
1591 2415 1757 2496 οὐδήὲσσαν
1779 2426 1982 2492 scribendum
2004 2434 2062 2492 est
2096 2425 2325 2492 Chamaeleon

387 2513 392 2530 ⁸
477 2528 538 2594 hac
558 2531 593 2592 in
615 2547 648 2590 re
670 2529 826 2592 immerito
848 2534 1083 2614 praeceptorem
1105 2535 1154 2592 est
1175 2533 1318 2607 secutus,
1339 2547 1413 2592 nam
1432 2528 1632 2594 Homericum
1655 2527 1734 2593 illud
1755 2519 1906 2600 αὐδήεσσα
1927 2530 2053 2608 reiciat,
2076 2532 2136 2614 qui
2153 2529 2198 2593 de
2216 2529 2321 2591 nativo

478 2630 532 2694 illo
562 2639 593 2694 et
620 2629 753 2696 candido
780 2633 889 2715 politae
917 2629 1021 2714 lepore
1048 2651 1159 2716 parum
1186 2637 1270 2694 recte
1297 2628 1493 2695 iudicaverit.
1542 2630 1780 2696 Contentionem
1809 2631 1968 2714 quandam
1995 2631 2232 2717 conhapositis
2261 2623 2321 2692 illis

479 2731 611 2798 adiectis
639 2720 720 2802 δεινή
748 2729 814 2806 θεός
843 2740 875 2796 et
903 2722 1055 2802 αὐδήεσσα
1083 2735 1188 2796 inesse
1216 2739 1384 2798 senserunt
1416 2731 1544 2815 quidem
1566 2731 1751 2796 Aristoteles
1778 2739 1810 2796 et
1837 2733 2062 2814 Chamaeleon,
2090 2735 2151 2798 sed
2185 2745 2317 2817 quaere·

413 2880 415 2888 ,
479 2833 557 2900 bant
589 2853 656 2898 eam
684 2833 717 2897 in
746 2833 816 2898 aliis
843 2833 958 2915 rebus,
986 2837 1021 2898 in
1048 2833 1160 2918 quibus
1187 2854 1251 2899 noa
1279 2832 1446 2898 debebant.
1499 2833 1580 2899 Aliis
1608 2836 1693 2898 enim
1718 2834 1797 2898 loeis
1823 2835 1959 2904 Homero
1986 2825 2064 2906 αὐδή
2090 2836 2246 2901 humana
2273 2839 2317 2895 ast

480 2939 588 3018 oratio,
610 2925 729 3020 αὐδήεις
752 2937 806 3019 qui
828 2955 865 2999 ea
885 2937 985 3000 utitur
1008 2933 1165 3024 (ἄνθρωποι
1180 2925 1349 3010 αὐδήεντες.
1373 2934 1430 3000 Od.
1447 2926 1472 3011 ζ.
1491 2935 1574 3018 125).
1611 2934 1729 3014 Quodsi
1750 2936 1833 3000 Deas
1855 2927 2021 3012 αὐδηίσσας
2042 2937 2191 3023 appellat
2214 2939 2315 3022 poeta

478 3038 618 3104 humana
639 3039 792 3118 oratione,
814 3057 895 3122 quae
917 3037 1083 3102 abhorreat
1104 3059 1123 3102 a
1145 3037 1251 3102 divino
1274 3058 1432 3118 sermono,
1461 3039 1551 3102 cuius
1574 3057 1723 3123 expressa
1743 3037 1861 3102 indicia
1882 3042 1916 3102 in
1937 3039 2077 3123 Odyssea
2097 3041 2316 3105 inveniuntur

479 3140 621 3204 velutin
643 3140 748 3204 divino
769 3138 823 3204 illo
845 3137 961 3204 herbae
983 3141 1110 3204 nomina
1133 3144 1232 3229 μῶλυ,
1256 3161 1308 3204 eas
1330 3141 1377 3205 uti
1400 3140 1572 3222 significat,
1594 3159 1710 3224 easque
1731 3160 1794 3205 non
1809 3141 1946 3206 Deorum
1969 3141 2026 3206 sed
2040 3142 2213 3207 hominnm
2228 3157 2312 3204 more

481 3263 517 3306 ao
541 3240 768 3306 consuetudine
789 3243 873 3306 inter
894 3240 1037 3307 homines
1059 3245 1178 3306 versari
1200 3241 1299 3306 solere
1321 3241 1451 3306 indicat.
1487 3241 1559 3305 Alia
1580 3243 1665 3306 enim
1686 3244 1720 3306 in
1742 3241 1927 3308 condicione
1951 3263 2021 3308 esse
2042 3244 2261 3331 Calypsonem
2283 3246 2311 3302 et
2385 3288 2387 3299 .

482 3344 593 3409 Circen
614 3349 709 3426 atque
729 3348 849 3408 ceteros
863 3344 946 3409 Deos
960 3343 1121 3428 Deaeque,
1144 3363 1223 3428 quas
1239 3343 1378 3430 amplum
1392 3349 1539 3409 tenerent
1553 3342 1738 3430 Olympum,
1759 3347 1858 3408 manti
1873 3350 1997 3430 poetae,
2020 3367 2117 3430 quum
2134 3345 2308 3430 Odysseam

481 3451 624 3526 cauerat,
644 3445 878 3512 obversabatur.
918 3445 1090 3510 Coelicolae
1112 3447 1196 3510 enim
1218 3445 1280 3529 illi,
1302 3465 1399 3529 quum
1422 3444 1564 3511 homines
1585 3448 1805 3526 convenirent,
1833 3457 1902 3511 tum
1931 3455 1967 3511 ut
1988 3448 2026 3512 ad
2049 3468 2162 3513 eorum
2185 3444 2307 3529 ingenia

481 3568 550 3612 seso
573 3547 861 3629 accommodarent,
888 3569 948 3613 non
972 3548 1006 3612 in
1029 3547 1137 3612 divina
1158 3568 1216 3612 sua
1237 3549 1336 3612 forma
1357 3549 1396 3612 iis
1419 3567 1570 3634 apparere
1593 3546 1750 3629 solebant,
1781 3547 1901 3614 sedvel
1916 3552 2083 3615 insomnis
2105 3549 2306 3620 videbantur,
2341 3561 2353 3572 ·

480 3649 531 3714 vel
552 3651 586 3714 in
607 3649 684 3713 alias
707 3649 773 3716 sive
796 3649 959 3714 hominum
981 3649 1047 3713 sive
1070 3651 1243 3717 beatianam
1264 3651 1380 3714 formas
1401 3648 1515 3714 mutati
1530 3649 1711 3715 hominibus
1726 3650 1865 3715 aderant.
1904 3651 1993 3727 Quod
2013 3652 2108 3716 etiam
2132 3650 2303 3718 Scholiasta
2387 3686 2393 3733 ρ

481 3751 573 3818 docet
593 3751 633 3815 ad
654 3751 767 3834 Odysa.
789 3742 816 3826 ζ.
840 3751 911 3816 125.
2390 3822 2395 3839 Ι

634 3854 695 3917 Vix
717 3851 838 3918 felicior
859 3856 891 3918 in
914 3853 1112 3918 emendanda
1132 3853 1230 3918 Iliade
1252 3854 1313 3918 fuit
1333 3853 1550 3920 Chamaeleon.
1594 3856 1723 3939 Legitur
1744 3857 1828 3918 enim
1850 3857 1883 3918 in
1906 3853 2030 3920 Scholio
2057 3855 2097 3920 ad
2119 3857 2156 3922 11.
2181 3880 2213 3946 μ,
2236 3852 2299 3916 231.

481 3945 688 4044 Πουλυδάμα,
712 3955 748 4018 σύ
769 3953 825 4118 plo
847 3953 945 4019 οὐκέτ’
966 3957 1033 4044 ἐμοὶ
1056 3957 1129 4044 φίλα
1149 3953 1235 4018 ταῦτ’
1257 3955 1415 4046 ἀγορεύεις
1437 3946 1636 4046 Πουλυδάμα·
1658 3961 1689 4020 al
1711 3953 1903 4044 ’Ἀριστάρχου
1924 3958 2012 4046 χωρίς
2026 3967 2081 4020 τοῦ
2103 3960 2133 4038 ν,
2156 3954 2239 4045 παρὰ
2252 3952 2300 4020 τήν
2387 3936 2395 4075 J

483 4057 660 4146 ἀναλογίαν,
689 4054 768 4128 Ζηνό
789 4079 857 4132 οτος
879 4046 913 4122 δὲ
940 4059 991 4121 καὶ
1013 4055 1196 4146 Χαμαιλέων
1218 4058 1271 4122 σὺν
1292 4067 1337 4139 τῷ
1353 4048 1608 4148 ῖΠουλυδάμαν.
1652 4057 1860 4123 Chamaeleon
1889 4060 1921 4122 in
1949 4059 2148 4124 emendando
2171 4059 2297 4124 Homero
2388 4098 2393 4117 .

480 4159 640 4242 vulgarem
670 4160 818 4222 orationis
846 4180 941 4224 usum
968 4165 1096 4224 secutus
1123 4166 1189 4242 est,
1222 4163 1313 4225 ouius
1341 4161 1499 4225 Canonem
1526 4161 1613 4226 dedit
1634 4159 1827 4226 Theodosius
1856 4163 2079 4242 grammaticus
2101 4161 2188 4246 apud
2208 4155 2297 4223 Behh.

480 4260 601 4324 Aneod.
622 4260 682 4340 111,
704 4281 734 4344 p.
758 4259 819 4322 975
845 4270 929 4325 παῖσα
955 4262 1056 4351 γενική
1085 4249 1135 4325 διά
1161 4269 1216 4324 τοῦ
1238 4266 1274 4326 ν“τ
1294 4261 1453 4352 κλινομένη
1481 4263 1617 4347 ἀποβολῇ
1642 4271 1698 4326 τοῦ
1719 4264 1771 4336 τὀξ
1791 4271 1871 4324 ποιεῖ
1894 4263 1950 4332 τήν
1976 4263 2123 4332 κλητικήν
2151 4269 2176 4327 εἰ
2198 4263 2238 4351 μή
2259 4247 2296 4319 δ-

482 4359 605 4450 φθόγγῳ
632 4359 852 4450 παραλήγοιτο,
886 4365 972 4450 χωρὶς
998 4371 1060 4426 τῶν
1087 4371 1224 4450 μετοχῶν
1249 4365 1300 4427 καὶ
1325 4373 1388 4427 τῶν
1415 4373 1584 4452 μετοχικῶν
1610 4363 1781 4453 ὀνομάτων,
1815 4365 1931 4447 quibus
1958 4363 2046 4429 addit
2071 4364 2296 4429 Choeroboscus

481 4484 551 4548 pag.
575 4461 668 4526 1183.
691 4451 738 4525 δεῖ
756 4461 924 4552 προσθεῖναι
946 4465 976 4527 ἐν
997 4474 1043 4545 τῷ
1065 4467 1166 4527 κάνονι
1189 4466 1299 4552 ,χωρὶς-
1316 4474 1378 4528 τῶν
1400 4462 1574 4528 ’Λττικῶν.“
1598 4471 1626 4530 ol
1647 4465 1704 4555 γάρ
1728 4463 1858 4529 ’Ἀττικοὶ
1879 4466 1934 4541 ταὶς
1956 4466 2050 4541 αὐτάς
2071 4463 2192 4530 εἰώθασι
2212 4469 2293 4526 ποιεῖν

489 4561 570 4652 ’ρθάς
590 4565 642 4626 καί
663 4565 808 4640 κλητικαὶς
828 4559 891 4629 οἷον
913 4569 929 4628 ό
951 4565 1035 4640 Θόας
1057 4561 1082 4629 ὦ
1104 4564 1202 4646 Θόας,
1231 4569 1247 4628 ὁ
1269 4565 1343 4643 Αἴας
1370 4561 1395 4630 ὦ
1416 4566 1504 4644 Λίας,
1533 4561 1619 4644 οὗτος
1645 4562 1669 4630 ὦ
1698 4561 1785 4643 οὗτος
1806 4556 1944 4656 δεύτερόν
1967 4589 2000 4632 σε
2020 4571 2191 4656 προσκαλῶ.
2233 4559 2294 4626 Ἔτι

483 4656 531 4730 δεῖ
549 4689 573 4729 π
589 4663 718 4730 οσθεῖναι
739 4668 790 4729 καί
810 4667 897 4756 χωρὶς
917 4677 979 4730 τῶν
1001 4673 1042 4743 είς
1064 4675 1113 4748 α’ς,
1141 4666 1212 4756 ὑπὲρ
1241 4657 1293 4732 δόο
1322 4669 1473 4750 συλλαβὰς
1502 4669 1671 4756 βαρυτόνων
1697 4668 1779 4757 παρά
1803 4668 1839 4732 τό
1863 4659 1967 4758 δάμνω
1992 4667 2220 4758 συντεθειμένων
2240 4658 2291 4726 οἷον

482 4689 670 4857 Πολυδάμας
691 4758 933 4857 Πολυδάμαντος
954 4763 978 4833 ὦ
1000 4758 1181 4858 Πολυδάμα.
1375 4813 1378 4820 ι
2386 4754 2392 4863 ,l

915 4863 1102 4960 Πολυδάμα,
1125 4873 1160 4935 σύ
1182 4870 1237 4961 μὲν
1259 4871 1360 4935 οὐκέτι
1382 4873 1448 4961 ίμοὶ
1470 4872 1544 4960 φίλα
1564 4879 1651 4936 ταῦτ’
1673 4874 1832 4964 ἀγορεύεις.
2387 4928 2391 4953 ,

482 4961 654 5060 Λαοδάμας
675 4960 901 5060 Λαοδάμαντος
923 4965 948 5036 ὦ
969 4962 1135 5063 Λαοδάμα·
1156 4984 1257 5037 ταῦτα
1279 4963 1313 5036 δὲ
1334 4973 1463 5064 λέγομεν
1484 4975 1642 5054 ποιητικά,
1672 4982 1704 5039 et
1729 4975 1834 5061 paullo
1862 4983 1947 5059 post:
1976 4970 2000 5039 ὦ
2023 4965 2203 5065 Εὐρυδάμαν
2221 4963 2290 5053 παρὰ
2385 5046 2389 5067 ¹

483 5072 606 5157 Ἀλκαίῳ
629 5076 680 5138 καί
700 5074 783 5162 παρά
804 5062 945 5163 Πινδάρῳ
968 5075 1126 5164 ὐπερμενὲς
1147 5074 1424 5164 άκαμανεοχάρμαν
1445 5072 1529 5138 Αἶαν.
1573 5077 1618 5142 Cl.
1641 5076 1732 5142 Hom.
1754 5078 1950 5163 Epimerism.
1973 5079 2007 5141 in
2029 5077 2167 5142 Crameri
2183 5065 2287 5140 snaed.

485 5175 583 5241 Oxou.
606 5177 629 5242 1.
654 5199 684 5262 p.
699 5174 772 5239 381.
818 5175 1044 5240 Constantinus
1070 5175 1212 5242 Lascaris
1235 5178 1273 5242 de
1295 5198 1378 5243 nom.
1401 5183 1434 5242 et
1454 5177 1540 5242 verb.
1563 5199 1594 5263 p.
1618 5179 1688 5244 116.
1714 5179 1762 5244 13.
1785 5182 1817 5242 in
1839 5177 1955 5243 Alcaeo
1976 5179 2039 5261 legi
2060 5179 2136 5244 dicit
2157 5171 2181 5260 ᾧ
2201 5173 2288 5239 llolv·
