4866 6178
988 391 1199 460 -25..

625 576 784 670 μαλθακοῖς
806 579 884 670 ὁίρας
904 579 966 646 domo*
988 577 1102 668 ασρπὸν
1124 570 1297 669 δρέπεσθαι·

625 683 678 746 σὺν
700 669 726 744 δ’
748 678 869 771 ἀνάγκα
889 689 950 744 πᾶν
972 680 1066 744 καλὸν
1078 727 1086 744 .
1099 725 1107 742 .
1120 727 1148 746 ..

169 778 353 877 ,macac
375 782 401 850 o·
422 783 518 860 a...
538 774 607 859 ιιι.
628 805 728 872 ιι...

169 957 172 968 Ι
624 885 707 952 ἀλλὰ
729 874 889 974 θαυμάζω,
914 884 945 950 τί
966 907 1005 974 με
1026 875 1161 960 λεξοῦντι
1184 881 1298 974 Ἰσθμοῦ

626 975 771 1054 δεσπόται
791 975 912 1052 τοιάνδε
935 987 1109 1075 μελίφρονος
1129 986 1223 1075 ἀρχάν
1245 985 1404 1075 εὑρόμενον
1427 987 1548 1052 caelico

626 1081 768 1177 ξυνάορον
789 1079 888 1163 ξυναῖς
909 1078 1052 1178 γυναιξίν.

173 1194 276 1268 Δῆλον
297 1194 356 1285 γάρ
378 1194 425 1258 ὅτι
445 1192 518 1282 πρὸς
538 1191 594 1266 τοὶς
615 1191 734 1280 άταίρας
756 1179 968 1280 διαλεγόμενος
988 1189 1120 1279 ἠγωνία,
1142 1189 1228 1256 ποῖόν
1242 1213 1273 1253 τι
1295 1189 1463 1278 φανήσεται,
1481 1201 1544 1266 τοῖς
1562 1188 1728 1280 Κορινθίοις
1747 1191 1784 1258 πθ
1800 1201 1940 1282 πρᾶγμα·
1961 1215 2012 1260 εει-

174 1296 289 1364 ambos
312 1285 361 1378 δὲ,
385 1301 425 1370 ὡς
447 1300 557 1374 ἔοικεν,
581 1293 671 1366 αὐτὸς
693 1297 793 1374 sasso
814 1292 977 1362 πεποίηκεν
999 1289 1108 1366 εὐθέως

627 1384 791 1483 διδάξαμεν
812 1392 919 1480 χρυσᾶν
942 1390 1060 1482 καθαρᾷ
1082 1392 1213 1477 βασάνῳ.

327 1499 375 1566 De
397 1497 569 1566 Simonidis
592 1497 817 1584 epigrammate
838 1495 879 1560 oi.
903 1495 1057 1562 Geislord.
1078 1496 1165 1564 Pott.
1188 1497 1265 1562 min.
1287 1495 1319 1576 3,
1344 1517 1375 1581 ρ,
1398 1497 1468 1562 169.
1502 1495 1778 1564 ὃοίιοείθεπὶοοιο
1799 1499 1833 1564 in
1855 1497 1932 1566 Sim.
1955 1497 2011 1564 rel.

174 1626 207 1690 p.
231 1601 311 1684 180,
324 1595 367 1668 in
388 1600 509 1668 Doleat.
531 1622 563 1685 p.
584 1599 658 1668 417.
681 1597 852 1680 Berguisa
873 1598 907 1662 in
929 1598 1029 1683 poitis
1051 1597 1107 1680 lyr.
1132 1597 1180 1666 ed.
1205 1601 1233 1665 1.
1257 1620 1286 1684 p.
1304 1597 1375 1667 786.
1412 1599 1450 1663 ln
1471 1599 1556 1664 idem
1576 1599 1747 1666 incidimus
1769 1599 1854 1686 apud
1867 1589 1948 1666 Plio.
1972 1599 2012 1668 de

174 1705 303 1788 malign.
331 1702 446 1772 Herod
477 1723 503 1770 c.
526 1702 578 1768 39.
607 1707 639 1766 st
663 1703 698 1768 in
724 1699 828 1766 Schol.
850 1698 891 1764 ad
916 1699 1008 1766 Pind.
1037 1699 1160 1786 Olymp.
1185 1700 1241 1783 13,
1263 1701 1320 1783 32,
1352 1702 1408 1768 ubi
1433 1723 1544 1800 sersus
1573 1705 1640 1768 sius
1666 1703 1752 1766 varie
1780 1703 2012 1785 scribebantur,

175 1829 206 1876 v.
231 1808 260 1872 1.
282 1803 399 1872 Αίδαο.
423 1801 585 1876 Ἑλλήνων.
608 1803 690 1870 Plut.
714 1798 868 1890 ἰθυμάχων
890 1801 1025 1886 (Dobree
1048 1802 1193 1888 Append.
1216 1803 1313 1870 Arist.
1335 1825 1366 1888 p.
1390 1803 1460 1869 129.
1484 1801 1653 1892 ἰθυμαχοῑν).
1679 1803 1897 1872 8οδο).Ρ1οι1.
1922 1807 2013 1894 άγχε-

176 1907 291 1998 μάχαν.
315 1907 383 1974 ood.
406 1906 532 1973 Vratisl.
557 1907 595 1972 D.
617 1902 804 1995 ἐγχεμάχιον.
826 1923 856 1968 v.
880 1903 910 1968 3.
931 1904 1005 1971 Ath.
1029 1902 1155 1972 ἔσταθεν
1177 1902 1324 1993 εὔχεσθαι.
1346 1905 1428 1972 Plut.
1452 1903 1578 1970 ἔσταθεν
1600 1895 1769 1994 εὐξάμεναι.
1799 1906 1881 1974 Plur.
1906 1897 2012 1996 δαιμθ-

177 2033 245 2074 νιαι.
267 2029 297 2076 v.
313 2009 344 2074 3.
365 2007 449 2076 Plut.
466 1996 606 2096 lpidam.
631 2005 735 2072 Schol.
752 2005 904 2088 ἐβούλετο.
928 2005 1030 2074 Schol.
1048 1997 1100 2072 δῖα
1115 2002 1224 2072 θεοῖσιν
1243 1996 1413 2095 Ἀφροδίτα.
1435 2006 1570 2074 Boeclrh.
1594 1995 1646 2072 δῖα
1668 2005 1773 2074 θεάων.
1796 2009 1872 2075 uA
1894 2009 2012 2076 Athen.

176 2110 315 2201 Πέρσαις.
336 2145 379 2158 -
401 2111 439 2178 In
460 2108 651 2176 adornandis
672 2108 802 2174 Pindari
823 2109 970 2176 versibus
991 2107 1160 2192 Bergkium
1186 2115 1313 2176 secutus
1335 2129 1422 2190 snm,
1450 2111 1541 2176 cuius
1563 2110 1685 2196 opinio,
1710 2109 1830 2176 ccolion
1851 2110 1931 2178 illud
1952 2114 2012 2178 mi·

176 2217 262 2280 nutis
284 2212 398 2279 iisdem
419 2211 556 2298 strophia
578 2213 700 2278 iteratis
723 2217 882 2293 constare,
903 2213 1004 2294 magis
1026 2211 1174 2296 placeret.
1208 2211 1417 2278 Continentur
1437 2213 1532 2294 igitur
1552 2211 1650 2278 verba
1670 2203 1830 2287 πολύξεναι
1847 2253 1884 2264 -
1908 2211 2014 2302 Ἀρρο-
2157 2243 2161 2252 ·

178 2305 264 2382 δίταν
286 2335 351 2380 una
371 2317 510 2400 quinqua
532 2314 678 2380 versibus
700 2313 833 2380 formata
854 2311 982 2398 stropha
1004 2337 1038 2391 ας
1071 2331 1112 2376 ax
1138 2313 1266 2399 stropha
1288 2313 1305 2396 β
1333 2320 1480 2398 quatuor
1506 2335 1618 2380 versus
1640 2315 1680 2380 ab
1702 2317 1792 2382 initio
1814 2335 1878 2382 non
1898 2315 2015 2400 integri

177 2423 317 2495 exstant3
340 2438 380 2484 ex
401 2418 531 2504 stropha
552 2441 573 2507 γ
593 2416 749 2484 habemus
770 2423 836 2480 tres
858 2421 1031 2497 extremos,
1053 2420 1086 2480 et
1107 2435 1146 2482 en
1168 2405 1187 2481 δ
1208 2435 1318 2482 versus
1342 2417 1371 2482 1.
1393 2415 1423 2483 3.
1446 2416 1476 2484 4.
1499 2417 1529 2483 5.
1554 2405 1775 2506 διδάξαμεν-
1791 2415 1913 2500 βασάνῳ
1934 2411 2013 2484 eti>

174 2519 301 2608 Κύπρου
323 2557 366 2568 -
388 2517 504 2594 ἰανθείς.
551 2521 637 2597 Quae
667 2518 752 2584 varie
782 2517 869 2584 edita
896 2524 972 2584 aunt
992 2517 1070 2586 haec
1092 2517 1208 2584 habes:
1242 2517 1418 2584 Bocclrbius
1446 2521 1575 2604 scripsit
1600 2529 1710 2608 αουραν
1736 2519 1827 2603 (Aah.
1850 2530 1941 2610 κορᾶν
1963 2517 2015 2584 vel

176 2622 290 2712 κόραν).
311 2619 431 2696 τελέαις
453 2621 538 2704 (Ath.
559 2620 707 2703 τελείαις).
732 2617 861 2710 ἐπάγαγ’
883 2619 966 2704 (Aah.
991 2617 1140 2710 ἐπήγαγ’).
1163 2610 1322 2694 πολύξεναι
1345 2619 1431 2702 (oth.
1449 2611 1643 2704 πολύξειναι).
1677 2621 1860 2688 Schneider.
1887 2619 2015 2695 Πειθοῦς

178 2724 264 2809 (Λεία
285 2720 428 2807 πείθουσ)
451 2724 624 2788 Hermann.
646 2729 679 2788 et
700 2722 835 2788 Boeclah.
859 2725 966 2810 ἀρνειῷ
989 2720 1079 2808 (Aah.
1103 2723 1230 2809 ἀρνειῷ)
1253 2721 1405 2805 Berghius
1428 2711 1524 2811 δάκρη
1547 2743 1584 2788 cx
1608 2723 1748 2790 Crameri
1769 2723 1889 2790 Anecd.
1913 2723 2013 2788 Oxon.

179 2829 208 2893 1.
232 2847 262 2912 p.
288 2825 347 2892 121
371 2845 427 2910 pro
450 2813 574 2913 δάκρυα.
604 2824 739 2892 Boeohh.
761 2822 895 2890 πολλάκι
916 2823 1019 2913 ματέρ’
1041 2824 1160 2914 άριίνεων
1182 2823 1267 2908 (ath.
1290 2822 1438 2898 πολλάκις
1459 2823 1599 2913 ματέρας)
1628 2825 1739 2908 Bergk.
1763 2823 1871 2914 οὐράνι’
1892 2823 2014 2915 ἀμπτά-

177 2951 265 3018 μεναι
287 2927 371 3012 (Aah.
394 2927 533 3016 οὐρανίαν
556 2926 739 3016 ίπτάμεναι).
762 2927 870 2994 Herm.
894 2927 993 3016 νόημα
1015 2925 1103 3006 (Alb.
1120 2925 1273 3015 νοήματι).
1301 2926 1436 2994 Boeokh.
1453 2927 1544 3016 ὔμμιν
1567 2927 1650 3010 (Aah.
1668 2928 1757 3016 ripis).
1781 2927 1892 3011 Bergk.
1917 2923 2014 2992 ἄνευθ’

177 3030 349 3119 άπογορίοια
373 3029 508 3096 Boeekh.
525 3026 572 3092 ἆτ’
587 3027 701 3094 ἄνωθεν
718 3030 885 3119 άπαγορίας
907 3029 990 3113 (Ath.
1007 3026 1119 3094 ἄνωθεν
1134 3029 1322 3118 άπαγορίας).
1346 3028 1481 3094 Boeckh.
1498 3029 1529 3092 ἐν
1543 3032 1640 3104 εὐναῖς
1662 3029 1746 3114 (Atta
1762 3031 1879 3110 εὐναῖς).
1902 3029 2012 3112 Bergk.

177 3123 375 3206 leicestrae
397 3131 464 3198 cod.
488 3151 550 3196 uno
572 3152 627 3217 pro
649 3123 769 3205 λέξαντι
792 3138 824 3196 et
839 3131 988 3196 Boeohbii
1002 3123 1129 3205 λίξοντι.
1153 3131 1327 3198 Cesaubon.
1344 3127 1459 3220 Ἰσθμοῦ
1481 3129 1568 3216 (ach.
1584 3135 1680 3220 ὁμοῦ).
1703 3131 1877 3216 Schweigh.
1893 3120 2015 3198 τοιάνδε

179 3234 262 3317 (Aah.
285 3223 424 3318 τοιόνδε).
448 3235 553 3300 Herm.
578 3223 742 3322 διδάξαμεν
766 3231 850 3316 (Aah.
874 3221 1076 3322 ἐδιδάξαμεν).

331 3337 368 3404 In
392 3335 630 3402 transcribendo
652 3343 717 3400 toto
733 3335 888 3402 Athenaei
910 3335 977 3402 loco
997 3336 1037 3400 ad
1052 3357 1122 3422 pag.
1138 3335 1210 3403 374.
1227 3357 1253 3401 c.
1276 3355 1376 3419 nsque
1392 3341 1518 3402 secutus
1534 3355 1605 3402 sum
1619 3336 1797 3418 Augustum
1812 3337 2016 3418 lioechhium,

179 3461 199 3504 a
220 3443 311 3506 cuius
333 3441 519 3504 auctoritate
542 3438 691 3523 equidem
712 3437 859 3504 recedere
882 3459 940 3504 neo
962 3437 1048 3504 volni
1069 3458 1127 3503 nec
1151 3439 1256 3504 debui.
1292 3439 1457 3504 Assentior
1475 3439 1561 3506 enim
1575 3440 1641 3502 viro
1657 3437 1843 3520 clarissimo,
1860 3441 1913 3524 qni
1929 3439 1968 3518 ll,
1984 3439 2013 3504 3.

180 3563 249 3628 pag.
272 3542 335 3625 608
357 3561 438 3625 qnae
461 3541 500 3606 de
522 3541 694 3608 hierodulis
716 3541 800 3628 apud
821 3541 1020 3608 Athenaeum
1044 3540 1230 3622 doceantur,
1264 3561 1304 3606 ex
1329 3539 1459 3606 Pindari
1485 3541 1677 3606 carminibus
1705 3542 1738 3606 in
1765 3540 2014 3606 Chamaeleontis

180 3643 322 3712 libellum
346 3644 529 3726 deduxisse,
551 3651 713 3728 totumque
736 3663 809 3710 enm
830 3643 933 3710 locum
955 3664 975 3706 a
995 3644 1205 3729 Peripatetico
1227 3642 1280 3708 illo
1302 3644 1478 3730 proiectum
1500 3662 1570 3708 esse
1592 3641 1719 3709 indicet.
1755 3643 1795 3708 nt
1810 3643 1965 3728 prolecto,
1987 3645 2016 3708 si

182 3748 253 3830 quis
281 3766 377 3830 snpra
403 3747 515 3814 allatas
546 3745 798 3814 Chamaeleontis
828 3745 977 3829 reliquias
1007 3767 1081 3812 cum
1106 3746 1194 3812 bisce
1225 3747 1467 3831 comparaverit,
1499 3749 1715 3829 rationesque,
1743 3765 1820 3829 quas
1843 3745 1894 3810 hic
1918 3745 2016 3810 stibi

180 3847 385 3934 philosophos
407 3851 441 3916 in
462 3848 699 3936 interpretando
721 3861 848 3915 secutus
865 3850 919 3931 sit,
941 3853 1086 3914 accurate
1101 3847 1283 3930 contulerit,
1306 3849 1349 3930 is,
1372 3850 1516 3932 quamvis
1531 3847 1782 3915 Chamaeleontis
1797 3849 2017 3914 anctoritatem

182 3950 282 4016 semel
311 3957 434 4016 tantum
462 3951 557 4036 idque
586 3952 676 4018 initio
705 3953 801 4018 totius
831 3953 1025 4033 quaestionis
1054 3957 1230 4016 antestatus
1258 3954 1300 4017 sit
1328 3950 1527 4032 Athenaeus,
1555 3951 1596 4016 ab
1626 3950 1679 4016 illo
1710 3957 1825 4016 cuncta
1854 3971 1892 4014 ea
1920 3948 2016 4014 scribi

181 4054 323 4140 potuisse
345 4073 408 4118 non
430 4054 566 4136 negabit.
599 4054 644 4122 Ex
667 4052 809 4120 eiusdem
825 4053 1076 4120 Chamaeleontis
1099 4053 1173 4120 libri
1187 4053 1275 4118 locus
1289 4053 1344 4119 ille
1360 4053 1398 4118 de
1413 4052 1586 4118 Simonidis
1602 4055 1825 4138 epigrammate
1841 4054 1874 4116 in
1891 4050 2018 4118 Scholia

182 4158 310 4222 transiit
335 4156 377 4220 ad
398 4155 489 4222 Pind.
513 4155 634 4242 Olymp.
660 4157 716 4236 13,
736 4155 787 4220 32.
812 4155 863 4238 (cs.
883 4155 1034 4222 Bocchhii
1056 4157 1197 4222 Prooem.
1212 4155 1276 4238 ΙΧ.)
1299 4191 1340 4204 -·-
1368 4156 1455 4233 Quae
1482 4158 1510 4221 si
1531 4177 1604 4221 vere
1632 4163 1708 4220 sunt
1734 4155 1908 4240 disputata,
1935 4159 2016 4220 tota-

183 4280 243 4344 que
273 4259 329 4325 illa
358 4259 395 4324 ds
419 4258 562 4322 Veneriis
592 4261 732 4342 quaestio
761 4258 1012 4324 Chamaeleontis
1041 4258 1242 4344 Peripatetici
1269 4264 1334 4323 estc
1367 4257 1408 4324 ab
1436 4258 1547 4324 eodem
1577 4261 1646 4324 sine
1674 4257 1784 4339 dubio,
1817 4278 1892 4322 nam
1918 4257 2018 4322 utitur

184 4383 221 4428 ea
241 4361 471 4445 significatione
495 4359 577 4444 qnod
599 4364 736 4426 sciamus
758 4364 895 4447 primns,
917 4362 1058 4447 prolecta
1079 4369 1128 4426 est
1148 4361 1388 4426 Pindaricoruro
1415 4361 1591 4426 carminum
1620 4359 1745 4442 partitio
1770 4361 1804 4423 in
1827 4359 1964 4449 ἐγνώρισε
1985 4365 2018 4424 st
2124 4416 2128 4422 .

183 4465 305 4545 σκόλια,
333 4484 427 4548 quam
453 4461 553 4528 multo
579 4471 652 4528 ante
679 4463 910 4530 Alexandrinos
937 4463 1157 4548 grammaticos
1184 4471 1285 4528 ortam
1311 4484 1381 4528 esse
1404 4461 1579 4528 Boachhius
1600 4461 1739 4528 ostendit
1759 4463 1794 4528 in
1813 4462 1954 4528 Prooem.
1977 4461 2018 4526 ad

183 4567 275 4633 Pind.
290 4568 399 4650 fragm.
416 4588 445 4652 p.
463 4565 534 4630 555.
557 4601 599 4614 -
622 4565 769 4632 Ceterum
791 4565 830 4632 de
853 4566 1033 4646 hierodulis,
1056 4585 1137 4649 qnae
1159 4586 1232 4630 anas
1254 4587 1364 4652 preces
1387 4587 1461 4631 cnm
1481 4565 1613 4650 privatis
1635 4571 1668 4628 et
1686 4564 1823 4650 publicis
1838 4563 2017 4630 consociare

185 4669 322 4734 solerent
343 4669 500 4749 Corinthi,
522 4669 651 4734 uberius
673 4671 737 4752 egit
750 4671 829 4753 Aug.
846 4669 1021 4734 Roeohhius
1043 4672 1077 4733 in
1099 4670 1208 4752 fragm.
1232 4669 1322 4734 Pind.
1345 4690 1415 4755 pag.
1433 4669 1505 4732 611.
1541 4666 1826 4732 vehementissime
1847 4667 1946 4732 falsus
1969 4671 2019 4730 ast

183 4771 381 4852 Plutarchus,
397 4793 495 4857 quum
510 4791 658 4856 perversa
673 4774 829 4857 scriptura
843 4771 1013 4857 perductus
1029 4771 1067 4836 de
1082 4774 1195 4836 statuis
1212 4773 1409 4864 cpgitaverit,
1425 4791 1505 4854 qnae
1520 4770 1672 4834 matronis
1688 4768 1896 4835 Corinthiacis
1912 4771 2019 4833 essent

185 4877 315 4960 positae.
361 4874 482 4940 Tabula
504 4875 589 4940 enim
611 4875 644 4938 in
667 4876 798 4939 Veneris
820 4874 937 4960 templo
960 4895 1116 4958 suspensa
1137 4875 1265 4938 nomina
1280 4873 1512 4938 Corinthiarum
1533 4871 1659 4937 illarum
1681 4870 1879 4949 continebat;
1901 4869 1941 4936 ad
1964 4889 2018 4934 eas

187 4979 326 5062 respexit
346 4977 524 5044 Simonides
547 4997 618 5042 cnm
642 4979 795 5043 scriberet
816 4965 874 5040 αἵδ’
896 4975 968 5064 ὑπὲρ
991 4973 1146 5040 Ἑλλάνων
1167 4979 1195 5041 λ
