4866 6178
989 346 1179 408 ..5-

323 532 411 610 Quod
437 531 549 596 fecisse
571 531 815 616 Peripateticum
835 532 881 596 nil
902 531 1080 596 mirandum
1102 537 1160 599 eat.
1204 534 1284 600 Nam
1312 543 1344 599 et
1370 538 1466 600 aetati
1494 556 1565 600 eum
1587 557 1789 602 accensemus
1819 543 1850 604 et
1872 539 1996 606 scholae

169 634 231 721 ipsi
254 655 323 698 sese
346 633 524 714 addixerat,
547 652 678 716 quarum
699 641 831 718 utraque
853 633 1023 698 universali
1052 633 1176 698 cuidam
1203 635 1379 717 doctrinae,
1412 658 1506 721 qnam
1531 636 1720 726 πολυμαθίαν
1742 639 1852 704 dicum
1875 643 1997 725 Graeci,

168 741 249 804 minc
272 735 406 820 quodam
428 734 520 800 mode
542 735 669 798 faveret.
715 739 810 800 Aetas
839 755 875 798 ea
897 735 1028 819 poeticis
1050 735 1178 818 quidem
1199 738 1349 819 ingeniis,
1377 759 1456 822 quae
1483 739 1589 804 afflatu
1612 743 1700 824 quasi
1729 742 1863 824 quodam
1891 743 1996 829 divine

171 848 203 904 et
223 842 343 924 impetu
365 857 446 902 nova
467 836 622 920 fingerent
642 858 678 900 ac
693 837 878 916 formarent,
899 836 1092 921 asnperiore
1108 837 1198 920 longe
1214 845 1263 902 est
1277 847 1438 924 superata,
1462 840 1518 905 sed
1533 847 1639 905 tanim
1654 841 1759 906 floruit
1774 863 1811 906 ea
1827 851 1859 908 et
1872 845 1996 930 religio·

171 943 296 1006 sissima
316 944 350 1004 in
372 937 525 1004 servando
545 959 619 1002 cnra
641 941 726 1002 etin
749 937 924 1022 colligendo
947 937 1123 1021 diligentia,
1145 960 1223 1023 quae
1246 941 1388 1006 homines
1409 942 1479 1006 illos
1494 943 1625 1007 modieis
1649 945 1714 1008 suis
1733 944 1861 1027 quidem
1875 951 1995 1032 parcis·

171 1064 230 1128 que
251 1041 405 1107 fructibus
428 1046 591 1106 contentos
614 1059 683 1104 esse
705 1040 798 1104 iussit
820 1045 851 1103 et
873 1039 983 1104 altiora
1004 1025 1143 1124 aspirare
1165 1041 1322 1106 modestos
1345 1063 1408 1108 nou
1430 1045 1513 1108 sivit.

322 1143 453 1227 Semper
474 1141 620 1225 equidem
642 1144 745 1206 animo
766 1163 837 1206 mco
860 1141 1012 1222 delector,
1035 1161 1130 1224 quum
1152 1143 1186 1206 in
1209 1144 1400 1226 singulorum
1422 1144 1585 1210 hominum
1607 1146 1845 1232 scholarumque
1873 1151 1996 1216 intueor

171 1246 328 1333 exempla,
357 1245 411 1329 qui
439 1265 498 1328 qno
524 1250 665 1328 tempore
694 1244 829 1308 Graecae
858 1243 1000 1307 civitates
1028 1245 1217 1308 corruebant
1238 1266 1405 1328 earumque
1428 1267 1478 1312 res
1503 1248 1666 1332 paullatim
1689 1248 1940 1333 collabebantur,
1961 1259 1996 1316 ut

170 1351 268 1414 bonas
290 1353 400 1412 tameu'
420 1353 504 1410 artes
526 1352 687 1410 servarent
708 1348 964 1430 superiorumque
979 1343 1142 1408 hominum
1164 1345 1285 1412 litteras
1307 1347 1457 1413 oblivioni
1478 1353 1645 1434 eriperent,
1667 1371 1864 1438 summopere
1887 1352 1995 1419 stude-

171 1454 246 1518 bant
273 1469 374 1533 neque
396 1449 556 1530 antiquius
577 1447 747 1530 quidquam
769 1447 943 1526 habebant,
971 1467 1065 1529 quam
1088 1455 1122 1508 nt
1142 1447 1297 1532 praesidio
1321 1453 1410 1532 qnasi
1433 1452 1653 1536 custodiaeque
1671 1461 1779 1518 essent
1799 1457 1996 1538 ingeniorum

167 1553 390 1619 monumentis.
423 1549 499 1613 Eam
516 1550 555 1614 ob
571 1569 714 1614 caussam
731 1547 936 1613 bibliothecae
952 1548 1181 1630 condebantur,
1203 1571 1275 1615 suas
1291 1554 1422 1636 quisque
1445 1553 1596 1619 librorum
1611 1575 1686 1640 opes
1704 1575 1816 1638 augere
1832 1558 1995 1640 gestiebat,

168 1663 204 1719 ut
235 1652 318 1738 quod
350 1653 584 1716 conservatione
618 1649 747 1733 dignum
779 1651 951 1730 videretur,
980 1653 1137 1734 integrum
1172 1655 1304 1736 pesteris
1338 1663 1443 1738 posset
1475 1655 1665 1738 relinquere;
1699 1675 1780 1720 nova
1810 1661 1928 1743 scripta
1957 1680 1994 1723 ex

168 1743 278 1821 innata
306 1755 393 1838 quasi
421 1752 554 1836 quadam
582 1759 614 1816 ct
640 1751 807 1835 colligendi
833 1760 865 1816 et
888 1752 1092 1818 conservandi
1116 1754 1286 1838 cupiditate
1308 1755 1470 1821 hominum
1492 1758 1688 1842 prodierunt,
1715 1761 1768 1842 qui
1790 1779 1895 1824 rerum
1917 1782 1994 1844 quas

169 1856 395 1942 profunderent
416 1854 557 1918 ubertate
579 1861 611 1917 et
633 1856 723 1941 copia
744 1853 913 1936 legentium
935 1856 1056 1918 animes
1078 1855 1156 1920 adeo
1179 1864 1347 1941 ceperunt,
1376 1865 1410 1921 ut
1430 1862 1484 1922 vix
1506 1861 1672 1944 quisquam
1694 1881 1847 1925 summam
1869 1862 1995 1928 laudem

168 1965 295 2044 propter
316 1961 514 2042 propagatam
536 1956 576 2020 ab
597 1955 677 2040 ipsis
696 1957 815 2020 variam
838 1955 1011 2020 doctrinam
1034 1977 1085 2022 eos
1111 1960 1264 2022 meruisse
1288 1959 1430 2042 deneget,
1453 1970 1484 2023 et
1505 1960 1670 2046 plerosque
1693 1961 1733 2026 ad
1754 1982 1905 2029 novorum
1927 1972 1993 2029 stn-

170 2060 290 2126 diorum
317 2079 456 2122 amorem
482 2057 637 2122 excitasse
660 2078 774 2142 eosque
796 2057 837 2121 ad
859 2079 896 2122 ea
918 2079 996 2142 quae
1019 2059 1073 2123 alii
1096 2059 1276 2124 docuissent
1301 2061 1500 2126 retractanda
1522 2063 1696 2146 meliusque
1719 2064 1899 2130 adornanda
1921 2087 1993 2150 pro·

168 2181 311 2242 vocasse,
341 2161 394 2244 qui
421 2159 471 2223 vel
498 2159 610 2224 leviter
636 2161 703 2224 cius
726 2161 837 2224 aetatis
864 2161 984 2224 litteras
1006 2163 1160 2242 attigerit,
1182 2162 1271 2226 facile
1294 2165 1477 2229 consentiat.
1522 2164 1603 2242 Quid
1625 2165 1697 2229 inde
1720 2166 1794 2230 boni
1816 2166 1994 2233 hominibus

168 2269 308 2328 exortum
335 2265 392 2335 sit,
422 2261 475 2346 qui
502 2261 637 2326 irridens
667 2266 811 2344 quaerat,
840 2265 867 2326 is
889 2262 1027 2346 profecto
1057 2263 1096 2327 de
1125 2266 1274 2330 universa
1300 2265 1475 2330 litterarum
1502 2273 1614 2330 natura
1641 2266 1686 2330 nil
1713 2275 1907 2352 compertum
1935 2291 1992 2335 nec

167 2367 324 2449 cognitum
347 2364 462 2427 habere
483 2364 617 2429 videtur.
661 2363 772 2429 Nobile
795 2367 879 2428 euim
901 2363 978 2428 illud
1000 2385 1115 2429 nomen
1137 2366 1182 2431 ibi
1203 2369 1367 2431 inventum
1391 2374 1439 2431 est
1461 2367 1638 2451 doetrinae,
1661 2389 1740 2452 quae
1764 2390 1860 2454 quum
1882 2392 1938 2455 per
1960 2393 1993 2436 se

166 2471 235 2552 ipsa
257 2488 297 2530 ex
318 2465 480 2530 hominum
505 2464 558 2529 illo
580 2465 811 2530 ferventissimo
834 2465 1006 2531 studiorum
1029 2469 1138 2534 ardore
1166 2471 1255 2554 quasi
1286 2473 1391 2534 exorta
1419 2477 1519 2550 esset,
1551 2469 1750 2536 incunabulis
1777 2472 1895 2538 relictis
1923 2473 1993 2539 ideo

167 2569 251 2654 cepit
276 2568 483 2632 laetissimum
510 2569 756 2649 incrementum,
783 2568 881 2652 quod,
908 2589 987 2652 quae
1015 2570 1198 2653 singillatim
1227 2571 1360 2636 subinde
1387 2571 1623 2636 animadversae
1651 2573 1830 2658 passimque
1853 2575 1994 2640 edoctis

165 2675 313 2736 inventae
344 2675 451 2732 essent
480 2689 546 2751 res,
578 2669 619 2734 ad
651 2690 751 2734 unum
780 2671 869 2754 quasi
898 2671 1082 2753 cognitionis
1111 2673 1230 2738 fontem
1258 2674 1303 2736 ite
1331 2673 1573 2755 revocabantur,
1605 2681 1641 2737 ut
1669 2694 1747 2757 quae
1778 2679 1995 2759 cognationem

166 2774 257 2856 quasi
279 2769 436 2854 quandam
457 2772 540 2835 inter
561 2791 595 2836 se
616 2771 784 2854 haberent,
807 2793 870 2836 neu
892 2772 994 2837 solum
1015 2793 1077 2837 uno
1099 2773 1314 2860 philosophiae
1336 2775 1461 2840 maculo
1484 2777 1734 2859 continerentur,
1757 2777 1928 2843 sedetiam
1952 2779 1992 2843 ad

166 2894 256 2938 suam
277 2893 417 2956 quaeque
438 2879 583 2937 naturam
603 2873 637 2938 in
660 2875 761 2938 varios
784 2873 909 2938 ordines
932 2874 1155 2958 digererentur.
1200 2877 1252 2941 Sic
1280 2876 1392 2941 alienis
1419 2899 1475 2962 pro
1499 2877 1623 2942 diversa
1644 2898 1701 2942 sua
1727 2885 1839 2944 nature
1866 2883 1992 2945 semotis

166 2978 248 3040 inter
270 2995 304 3039 se
326 2981 476 3058 cognatae
503 2994 552 3039 res
582 2995 621 3038 ex
648 2978 866 3060 perpetuitatis
893 2975 962 3059 lege
990 2983 1165 3060 connexae,
1194 2979 1333 3063 singulas
1362 2980 1536 3044 formarunt
1562 2979 1755 3065 disciplinas.
1801 2983 1868 3058 Qua
1895 2984 1929 3046 iu
1958 3004 1991 3046 re

164 3069 288 3162 praeter
302 3075 422 3142 Stoicos
436 3075 573 3161 plurima
586 3076 654 3140 laus
670 3077 802 3142 debetur
816 3073 1049 3162 Peripateticis,
1071 3081 1125 3162 qui
1139 3079 1261 3145 litteras
1277 3081 1322 3146 eie
1339 3081 1541 3163 exercebunt,
1563 3089 1598 3145 nt
1617 3082 1728 3147 mdem
1742 3082 1991 3169 indigestamque

164 3179 279 3244 molem
299 3178 562 3264 profundissimae
578 3177 737 3244 doctrinae
760 3201 823 3244 nou
845 3179 946 3244 solum
967 3180 1104 3265 undique
1128 3189 1331 3266 congererent
1354 3189 1385 3246 et
1401 3189 1646 3270 comportarent,
1669 3185 1724 3249 sed
1748 3187 1843 3250 etiam
1864 3208 1914 3252 res
1936 3209 1991 3273 pro

165 3287 419 3366 argumentorum
445 3282 613 3364 generibus
640 3284 674 3346 in
702 3281 841 3346 diversas
870 3281 987 3346 classes
1014 3292 1216 3350 secernerent
1243 3292 1275 3350 et
1301 3305 1380 3368 quae
1409 3285 1549 3369 aequalis
1577 3292 1684 3350 esseut
1708 3293 1838 3352 naturae
1861 3291 1895 3353 in
1917 3309 1992 3372 cop·

164 3390 285 3449 textum
306 3383 485 3466 redigerent
505 3385 728 3449 necessarium.
761 3384 969 3450 Doctissirnus
992 3385 1044 3449 ille
1067 3393 1100 3450 et
1121 3389 1321 3452 acutissimus
1343 3389 1492 3470 magister
1505 3387 1691 3454 Aristoteles
1712 3388 1752 3453 iis
1774 3411 1829 3475 pro
1849 3391 1991 3475 exemplo

165 3493 233 3550 erat
254 3493 285 3550 et
300 3485 479 3568 diligentiae
502 3492 535 3548 et
547 3488 618 3551 viae
640 3506 676 3550 ac
691 3487 838 3568 rationis,
861 3507 923 3570 qua
944 3488 1067 3572 singula
1086 3494 1192 3553 essent
1214 3489 1387 3554 tractanda.
1422 3491 1482 3568 Qui
1503 3492 1585 3555 sicut
1601 3490 1668 3576 ipse
1684 3511 1788 3556 rerum
1804 3493 1992 3558 naturalium

164 3589 404 3670 investigatione
431 3587 645 3654 chacrvitandi
672 3609 764 3652 suum
790 3595 918 3653 acuerat
945 3609 1089 3672 sensum,
1116 3589 1162 3654 sic
1190 3594 1285 3656 etiam
1307 3591 1453 3677 discipuli
1478 3614 1497 3656 a
1518 3591 1664 3677 physices
1686 3591 1789 3658 studio
1811 3594 1991 3679 proficisce-

165 3689 293 3766 bantur3
320 3688 407 3754 illam
434 3691 518 3754 euim
545 3690 713 3772 rationem,
740 3711 802 3775 qua
828 3713 848 3754 a
874 3691 1067 3776 singularum
1094 3712 1200 3756 rerum
1222 3694 1439 3758 observatione
1468 3701 1500 3758 et
1521 3697 1715 3780 experientia
1741 3695 1929 3780 incipientes
1952 3696 1992 3761 ad

164 3790 328 3856 universas
351 3791 447 3876 probe
475 3792 709 3875 cognoscendas
730 3795 892 3876 ingenium
919 3793 1058 3858 colerent
1080 3801 1112 3858 et
1133 3796 1378 3878 conformarent,
1401 3817 1496 3860 unam
1519 3817 1588 3862 esse
1611 3798 1726 3862 iustam
1749 3805 1781 3861 et
1803 3803 1937 3880 rectam,
1958 3797 1991 3862 id

165 3893 233 3958 sine
255 3891 350 3957 dubio
372 3914 414 3957 ne
434 3892 468 3958 hi
490 3894 618 3978 quidem
639 3915 703 3959 nou
725 3903 962 3980 perspexerunt.

316 3993 379 4060 sed
406 4015 469 4060 ιιοιι
495 4005 561 4060 tam
589 3996 627 4063 de
655 3999 803 4061 universa
824 4003 878 4060 aut
899 3997 998 4082 ipsius
1019 3999 1198 4065 Aristotelis
1221 4005 1275 4064 aut
1302 3999 1528 4085 discipulomm
1550 4000 1691 4066 doctrina
1713 4003 1868 4085 copiosius
1890 4021 1991 4083 agere,

164 4117 259 4182 quam
280 4133 322 4144 -
343 4103 379 4161 ut
399 4099 526 4182 propius
548 4099 587 4163 ad
610 4101 805 4184 prepositum
827 4106 969 4165 nostrum
991 4100 1231 4166 accedamus-
1252 4121 1313 4184 qua
1334 4103 1453 4166 ratione
1477 4123 1576 4187 quove
1599 4103 1729 4168 oonsilio
1752 4106 1785 4167 in
1807 4102 1991 4180 enarrandis

162 4201 263 4284 potitis
286 4199 336 4263 usi
358 4201 422 4264 siut
442 4199 643 4285 Peripatetici
663 4200 841 4287 philosophi
863 4223 1012 4286 quaerere
1034 4205 1067 4266 in
1090 4206 1193 4268 animo
1216 4212 1273 4268 est.
1318 4204 1405 4282 Quod
1428 4207 1455 4268 si
1478 4207 1659 4288 quaestione
1682 4213 1825 4270 accurate
1847 4206 1992 4269 instituta

163 4301 311 4386 liquebit,
334 4299 610 4367 Chamaeleontem
631 4303 716 4368 idem
738 4303 903 4369 consilium
924 4303 1066 4368 inlibris
1089 4308 1154 4370 suis
1171 4313 1314 4371 secutum
1337 4327 1407 4370 esse
1429 4307 1566 4391 patebit,
1588 4307 1724 4392 quidque
1739 4306 1780 4371 ad
1795 4306 1991 4373 condendam

164 4403 339 4468 litterarum
358 4403 525 4468 historiam
547 4411 579 4468 et
600 4405 667 4489 ipse
690 4413 722 4469 et
742 4407 946 4491 Peripatetici
968 4407 1176 4488 contulerint,
1198 4407 1289 4474 facile
1311 4409 1484 4494 apparebit.

315 4505 403 4571 Plato
426 4511 458 4570 et
480 4508 621 4588 quicum
643 4510 743 4571 secuti
765 4514 839 4572 sunt
853 4507 1036 4572 Academici
1057 4512 1091 4573 in
1113 4513 1238 4594 seriptis
1254 4513 1320 4576 suis
1342 4514 1449 4596 poetas
1472 4511 1613 4576 citabant
1627 4532 1798 4596 eorumque
1818 4513 1991 4577 sententias

164 4607 372 4689 adhibebant,
394 4611 429 4672 ut
450 4614 504 4672 aut
526 4629 583 4672 sua
605 4609 767 4675 firmarent
788 4630 867 4693 quae
890 4609 929 4674 ad
952 4631 1055 4679 mores
1077 4613 1264 4697 spectabant
1285 4621 1452 4698 praecepta
1466 4613 1559 4678 —id
1581 4613 1663 4697 quod
1685 4634 1768 4678 nunc
1791 4615 1894 4680 facere
1917 4635 1991 4680 ocu·

164 4711 324 4774 suavimus
346 4712 444 4776 sacris
467 4713 582 4776 nostris
609 4710 698 4778 libris
720 4747 761 4758 -
784 4720 838 4776 aut
859 4732 966 4778 corum
994 4715 1137 4796 cogitatis
1163 4735 1220 4799 pro
1248 4718 1441 4798 argumentis
1468 4719 1502 4780 in
1528 4718 1792 4802 disputationibus
1820 4723 1992 4797 uterentur,

164 4831 242 4894 quae
265 4817 348 4878 totae
363 4814 396 4876 in
418 4813 557 4878 moribus
573 4819 781 4878 versarentur.
814 4815 924 4898 Itaque
946 4814 1029 4899 apud
1045 4835 1098 4880 ees
1119 4819 1283 4901 poetarum
1304 4819 1520 4903 interpretatio
1541 4819 1633 4904 plane
1648 4818 1773 4884 moralis
1789 4827 1866 4901 crat,
1887 4838 1991 4902 neque

163 4913 249 4978 alind
271 4914 443 4998 quidquam
464 4916 634 4980 effecerunt
655 4918 718 4980 nisi
739 4921 775 4980 ut
796 4935 875 5000 quae
898 4920 1008 5002 poetae
1031 4917 1070 4982 de
1092 4917 1224 4984 honesto
1240 4918 1437 5002 docuissent,
1458 4920 1572 4986 melius
1587 4920 1850 5004 intellegerentur.
1886 4921 1929 4984 nt
1950 4920 1990 4986 ab

162 5014 221 5082 hcc
243 5017 472 5103 interpretandi
494 5038 606 5101 genere
628 5038 687 5083 nec
706 5017 891 5084 Aristoteles
914 5039 972 5083 nec
994 5021 1062 5084 eius
1084 5019 1231 5106 discipuli
1252 5020 1470 5088 abhorrebant.
1503 5021 1626 5100 Peteon
1649 5023 1705 5088 sed
1728 5043 1844 5088 nevum
1866 5021 1992 5106 aliquod

163 5117 382 5202 assumebant,
412 5141 509 5205 quum
537 5120 731 5186 Platonicam
759 5122 914 5188 rationem
942 5119 1026 5186 hand
1058 5121 1192 5188 multum
1221 5125 1323 5189 facere
1356 5123 1397 5190 ad
1427 5128 1535 5210 poeno
1566 5128 1648 5190 iuste
1678 5123 1897 5212 ponderandus
1927 5145 1992 5191 ιιοιι
