4866 6178
985 389 1174 452 ..9-

317 576 423 659 Atque
445 576 473 641 si
495 595 661 640 numerum
684 581 809 661 spectas
829 575 937 662 plures
959 575 1041 661 apud
1057 576 1260 642 Aristotelem
1282 577 1451 642 laudantur
1465 581 1591 662 podiae,
1614 597 1709 661 qnam
1723 577 1806 662 apud
1821 577 1997 655 Platonem3

162 679 247 764 quod
271 678 400 762 quidem
421 699 485 743 non
507 679 672 758 miramur,
699 697 798 761 quum
812 677 997 743 Aristoteles
1013 684 1045 742 et
1065 680 1105 742 iis
1126 681 1173 742 uti
1194 687 1317 764 posset,
1340 682 1393 764 qui
1407 679 1547 746 Platonis
1568 682 1695 744 fuerant
1716 680 1881 764 aequales,
1903 687 1935 744 et
1949 681 1999 761 iis,

164 785 220 866 qni
236 803 294 846 sua
308 787 410 845 aetate
424 780 583 846 vivebant.
605 780 719 845 Eorum
734 780 814 844 ratio
830 780 1076 846 adhibendorum
1088 803 1107 845 a
1117 780 1282 847 Platonica
1295 803 1359 848 nen
1372 780 1496 846 diversa
1511 787 1579 846 erat
1592 784 1625 846 in
1637 782 1808 847 moralibus
1819 783 1999 848 Aristotelis

165 885 310 970 seriptis,
332 881 365 946 in
380 881 500 948 Ethicis
515 881 750 963 Nicomacheis,
772 884 805 946 in
821 882 943 966 Magnis
966 903 1047 967 quas
1070 881 1218 948 dicuntur
1234 883 1421 964 Moralibus,
1443 887 1475 948 in
1490 883 1621 949 Eudemi
1635 883 1771 966 Ethicis,
1792 886 1827 950 in
1847 884 2000 968 Politicis,

165 991 200 1052 in
216 986 449 1067 Oeconomicis,
472 985 586 1069 quibus
602 987 635 1049 in
651 983 777 1070 scriptis
793 991 941 1068 tanquam
958 991 1056 1050 testes
1072 987 1211 1050 citantur
1226 991 1347 1072 potitae,
1370 988 1423 1070 qui
1440 1007 1495 1050 suo
1518 989 1697 1051 testimonie
1719 993 1921 1071 praeceptum
1940 986 1999 1052 ali-

166 1090 248 1174 quod
271 1087 446 1153 honestatis
468 1107 576 1152 verum
598 1107 669 1151 esse
692 1087 905 1172 comprobent
949 1088 997 1152 lta
1018 1094 1142 1172 praeter
1157 1089 1291 1154 Homeri
1314 1089 1488 1171 Odysseam
1511 1095 1543 1152 et
1563 1088 1693 1152 Iliadem
1716 1089 1880 1171 Margitem
1902 1087 1999 1154 habc-

163 1212 237 1258 mus
261 1190 342 1274 (Eth.
365 1189 433 1255 Nic.
458 1189 488 1270 6,
511 1191 540 1255 7.
566 1189 695 1254 Eodem.
720 1189 750 1271 5,
774 1191 832 1272 7.);
855 1192 888 1254 in
909 1193 1152 1276 inscriptionem
1172 1190 1284 1276 templi
1306 1191 1389 1274 quod
1411 1189 1483 1254 Deli
1505 1197 1555 1255 est
1576 1191 1654 1273 (Eth.
1670 1191 1738 1256 Nic.
1765 1192 1794 1272 1,
1816 1193 1845 1256 9.
1869 1190 1999 1256 Endera.

166 1297 201 1376 1,
226 1294 281 1376 1.),
304 1296 336 1357 in
353 1293 520 1376 proverbia
533 1291 713 1357 incidimus.
734 1291 859 1378 ‘Saepe
881 1292 1013 1374 legimus
1029 1291 1212 1378 Euripidem
1234 1291 1410 1372 laudatum,
1432 1299 1464 1355 et
1480 1293 1667 1374 Hesiodum,
1690 1293 1918 1375 Theognidem‚
1941 1291 1999 1359 So·

162 1397 282 1474 lonem;
311 1393 569 1460 Anaxandridern
597 1395 776 1459 invenimus
810 1393 890 1476 (Eth.
918 1395 986 1458 Nic.
1010 1397 1038 1460 t.
1064 1397 1112 1460 ll.
1147 1396 1439 1478 Eudem.6,10.l,
1468 1406 1500 1460 et
1527 1395 1671 1460 Euenum
1694 1394 1776 1478 (Eth.
1800 1395 1869 1460 Nic.
1896 1398 1925 1461 i.
1950 1397 1999 1460 ll.

162 1499 243 1564 Eud.
266 1499 303 1579 6,
326 1496 389 1580 10.)
412 1499 601 1583 saepiusque
623 1497 820 1580 Agathouem
843 1495 928 1577 (Eth.
951 1497 1019 1562 Nic.
1043 1498 1079 1579 6,
1102 1497 1138 1578 2,
1159 1496 1188 1562 4.
1212 1496 1290 1563 Eud.
1314 1497 1345 1579 3,
1370 1499 1397 1560 1.
1414 1498 1445 1579 6,
1467 1497 1496 1560 2.
1512 1497 1559 1580 4).
1606 1497 1723 1562 Omnes
1750 1500 1773 1562 ii
1795 1501 1862 1562 suis
1886 1499 2000 1564 carmi·

164 1601 261 1665 nibus
284 1620 338 1664 eae
360 1599 492 1684 probare
521 1605 553 1662 et
574 1599 698 1664 lirmarc
720 1598 869 1663 iubentur
891 1601 1082 1681 sententias,
1111 1620 1188 1683 quas
1215 1600 1360 1664 inlibris
1383 1602 1450 1665 suis
1477 1599 1681 1684 philosophus
1704 1601 1875 1684 proposuit.
1919 1599 2000 1665 Aliis

164 1703 244 1768 locis
266 1707 375 1787 poetae
397 1721 459 1765 non
482 1699 522 1764 ad
538 1700 725 1765 firmandam
740 1699 877 1784 aliquam
893 1703 1083 1765 sententiaeb
1103 1701 1308 1784 adhibentur,
1331 1703 1387 1768 sed
1402 1709 1438 1767 ut
1454 1702 1609 1766 iudicium
1623 1701 1778 1766 habeatur
1793 1702 1831 1766 de
1845 1704 1902 1785 iis,
1925 1723 2001 1767 num

166 1805 207 1870 de
238 1803 401 1868 hominurn
430 1803 542 1868 ciliciis
570 1811 655 1867 recte
684 1803 873 1882 cecinerint,
902 1806 948 1866 ita
973 1803 1138 1888 Euripides
1166 1806 1199 1868 in
1226 1804 1292 1870 Pol.
1316 1805 1347 1886 2,
1368 1805 1399 1868 4.
1428 1811 1460 1868 et
1480 1804 1550 1868 Eth.
1573 1803 1640 1869 Nic.
1664 1803 1694 1885 5,
1719 1805 1755 1866 11
1786 1804 1946 1869 inducitur
1967 1812 2002 1868 ut
2051 1799 2054 1810 ’

31 1943 46 1958 -
168 1906 290 1980 ἀτόπως
310 1904 416 1996 λέγων.
459 1905 522 1970 Ubi
548 1925 622 1969 vere
648 1913 833 1988 argumenta
859 1908 1010 1970 tractavit
1035 1906 1236 1989 Aristoteles,
1269 1927 1349 1989 quae
1378 1905 1555 1991 philesophi
1578 1912 1651 1970 ante
1680 1927 1753 1971 eum
1780 1907 1900 1972 intacto
1925 1905 2000 1971 reli·

171 2019 319 2092 querant,
340 2007 432 2092 plane
456 2028 552 2088 nova,
574 2008 618 2072 ibi
641 2007 791 2073 laudandi
812 1991 924 2074 modus
947 2007 1027 2072 alins
1049 2011 1092 2072 sit
1113 2015 1234 2094 oportet
1255 2015 1350 2094 atque
1372 2011 1406 2072 in
1427 2009 1648 2093 superioribus.
1692 2008 1783 2072 iniis
1799 2011 1899 2091 enim,
1921 2029 2000 2092 quae

171 2110 209 2174 de
236 2115 301 2174 arte
323 2112 458 2174 oratoria
479 2113 657 2194 composuit
677 2110 783 2191 libris,
811 2113 843 2173 et
864 2112 898 2174 in
920 2111 1146 2196 scriptiuncula
1168 2111 1207 2176 de
1230 2119 1296 2176 arte
1318 2113 1441 2198 poitica
1464 2109 1634 2202 eorundem
1656 2109 1785 2194 quidem
1807 2131 1884 2194 quoa
1907 2131 2002 2196 supra

170 2212 234 2276 dixi
260 2215 425 2298 poetarum
452 2213 543 2276 affert
568 2233 694 2290 versus,
722 2212 778 2276 sed
806 2215 839 2276 in
865 2212 905 2277 ll.
928 2212 1007 2279 libro
1031 2213 1175 2279 rhetoric.
1200 2212 1401 2278 Theodecten
1429 2213 1517 2277 addit
1538 2211 1746 2294 Phaselitum,
1774 2215 1828 2297 qui
1856 2213 1940 2278 idem
1966 2216 1999 2278 in

167 2313 310 2378 Politicis
334 2315 368 2394 1,
390 2316 410 2378 6
442 2314 601 2393 laudatum
635 2318 667 2379 iu
695 2314 774 2378 libro
803 2314 841 2379 de
869 2322 935 2379 arte
962 2318 1087 2400 politica
1115 2315 1267 2400 exemplis
1294 2317 1358 2379 lere
1386 2314 1528 2379 abundat
1556 2335 1653 2398 quum
1680 2317 1905 2381 vetustioribus
1932 2323 2000 2382 tum

168 2416 413 2498 recentioribus,
436 2416 534 2480 habes
557 2419 641 2480 enirn
663 2417 708 2481 ibi
731 2423 856 2502 praeter
877 2416 954 2482 alios
977 2423 1010 2480 et
1024 2417 1284 2500 Chaeremonem,
1307 2425 1339 2482 et
1356 2417 1626 2500 dithyramborum
1641 2421 1767 2502 po'e’tas,
1788 2425 1821 2482 et
1834 2418 2001 2501 Polyidum

168 2526 200 2582 et
221 2519 405 2594 Cercinam
438 2518 586 2602 frequens
614 2521 717 2582 estin
740 2518 898 2584 laudando
921 2519 1118 2601 Theodecte,
1147 2523 1236 2584 cuine
1259 2519 1365 2603 Tydeo
1395 2527 1426 2582 et
1448 2519 1571 2602 Lynceo
1594 2539 1650 2604 pro
1673 2519 1825 2604 exemplis
1846 2523 1947 2586 utitur
1967 2523 2000 2584 in

167 2623 352 2704 quaestione
375 2619 414 2685 de
436 2621 604 2703 generibus
626 2623 774 2706 poeticis,
808 2627 841 2684 et
866 2621 907 2686 od
935 2621 1215 2687 demonstrandum
1242 2642 1304 2706 qua
1324 2629 1390 2686 arte
1413 2623 1446 2685 in
1469 2621 1661 2686 carminibus
1683 2623 1749 2686 suis
1771 2621 1841 2687 illas
1864 2623 2000 2688 difficul-

167 2728 250 2787 tates
272 2721 323 2787 vel
346 2725 549 2803 evitaverint,
575 2722 626 2786 vel
655 2725 781 2788 omnino
809 2722 997 2788 sustulerint
1022 2728 1148 2807 podiae,
1177 2744 1256 2807 quas
1284 2722 1323 2788 ed
1350 2725 1427 2788 artis
1455 2725 1609 2787 rationem
1632 2729 1664 2787 et
1684 2722 1923 2807 intelligentiam
1945 2745 2000 2790 ex·

169 2825 266 2908 quirit
286 2824 502 2910 philosophus.

319 2926 416 2991 Hisce
430 2928 464 2991 in
479 2925 569 2991 libris
584 2927 771 2992 Aristoteles
785 2930 887 3012 poetis
902 2948 977 2992 nens
993 2937 1041 2992 est
1056 2950 1111 3014 pre
1126 2927 1295 3014 exempha,
1312 2928 1426 3013 quibus
1441 2930 1518 2993 artis
1532 2935 1702 3013 praecepta
1715 2929 1876 3013 probaret,
1898 2949 2000 3013 neque

165 3027 253 3094 aliud
269 3030 419 3112 qnidqam
439 3031 697 3114 interpretatione
719 3051 777 3094 sua
798 3032 969 3115 spectavit,
990 3031 1054 3096 nisi
1068 3036 1104 3094 nt
1118 3051 1226 3095 eorum
1241 3030 1382 3096 carmina
1396 3028 1435 3094 ad
1450 3032 1568 3114 primas
1583 3032 1661 3094 artis
1683 3029 1808 3114 regulas
1830 3038 1999 3097 revocaret.

165 3129 257 3194 Hanc
279 3129 527 3196 adhibendorum
552 3131 766 3216 exemplorum
787 3134 941 3196 rationem
963 3131 1159 3198 aPlatonica
1179 3133 1234 3197 illa
1250 3134 1425 3216 discrepare
1439 3131 1596 3216 planeque
1612 3152 1725 3197 novam
1741 3153 1826 3213 ease,
1846 3153 1938 3198 nemo
1953 3140 2002 3197 est

167 3233 245 3315 quin
267 3231 389 3311 videat;
412 3253 504 3297 nemo
528 3236 603 3317 quin
626 3233 789 3317 intellegat
811 3255 881 3298 eam
902 3255 971 3299 esse
996 3234 1198 3318 efflagitatam
1220 3235 1333 3300 litteris
1355 3233 1432 3298 adeo
1454 3234 1556 3298 auctis
1584 3239 1616 3297 et
1637 3234 1846 3319 amplificatis.
1886 3236 2001 3300 Poitae

166 3337 270 3416 enim,
292 3336 344 3418 qui
361 3355 460 3418 usque
476 3356 512 3400 eo
531 3356 594 3400 non
618 3336 866 3424 aestimabantur
886 3339 949 3402 nisi
971 3357 1011 3401 ex
1031 3336 1180 3418 honesto,
1202 3336 1286 3420 qued
1308 3336 1472 3414 docerent,
1493 3343 1561 3400 tum
1584 3356 1622 3399 ex
1644 3335 1767 3421 pulchri
1790 3357 1886 3402 sensu
1907 3345 2001 3422 atque

166 3435 322 3520 elegantia
342 3436 477 3502 iudicari
499 3441 602 3522 coepti
623 3445 713 3520 sunt,
743 3459 838 3523 quam
859 3441 894 3504 in
917 3438 1109 3504 carminibus
1131 3440 1358 3528 cjstendissent3
1387 3438 1447 3503 hac
1469 3458 1533 3503 uua
1554 3457 1588 3500 re
1609 3438 1796 3504 Aristoteles
1818 3441 1947 3524 propius
1961 3439 2002 3505 ad

165 3539 344 3604 litterarum
365 3539 528 3604 historiam
552 3539 748 3606 condendam
771 3534 943 3606 accessisse
966 3541 1092 3606 videtur
1113 3561 1207 3626 quam
1231 3543 1407 3626 superiores
1430 3538 1622 3624 philosophi,
1645 3559 1742 3624 quum
1762 3562 1799 3604 ea
1818 3541 1906 3605 nulla
1924 3545 2001 3606 artis

166 3641 417 3706 habitatatione
440 3662 480 3706 ne
503 3644 632 3726 cogitari
654 3643 782 3726 quidem
803 3645 912 3728 possit
1867 3709 1869 3714 .

320 3745 364 3808 At
384 3743 456 3828 plus
479 3747 574 3809 etiarn
596 3743 637 3809 ad
658 3744 800 3810 studium
822 3745 969 3810 historiae
992 3745 1168 3810 litterarum
1188 3744 1351 3830 discipulis
1367 3743 1653 3810 commendandum
1669 3744 2001 3810 contulitAristotoles

166 3845 248 3911 libro
279 3846 317 3910 de
346 3847 463 3930 podiis,
496 3849 551 3930 qui
579 3847 681 3913 tribus
709 3847 924 3912 voluminibus
956 3847 1176 3912 continebatur·
1205 3847 1311 3931 (Diog.
1333 3846 1367 3911 L.
1391 3846 1422 3927 5,
1446 3848 1496 3929 12,
1518 3845 1597 3928 11.).
1640 3845 1678 3911 Id
1701 3867 1776 3911 sane
1799 3867 1838 3910 ex
1859 3847 2000 3931 reliquiis

156 3947 383 4031 'cognescitur,
416 3967 495 4031 quas
522 3952 673 4031 genuinas
704 3969 773 4015 csse
804 3965 835 4014 et
863 3970 936 4014 vere
964 3951 1005 4017 ab
1026 3950 1195 4015 Aristotele
1219 3951 1390 4035 prolectas,
1420 3951 1563 4032 quamvis
1585 3947 1765 4014 Nitzschius
1788 3949 1879 4014 aliter
1901 3949 1939 4014 de
1961 3951 2000 4014 iis

167 4049 315 4114 statuerit
336 4049 429 4130 (Hist.
445 4051 535 4115 Hom.
552 4051 591 4115 11.
613 4073 644 4136 p.
666 4052 707 4116 37
723 4052 797 4136 sq),
819 4071 1006 4137 persuasum
1028 4052 1138 4118 habeo.
1184 4053 1251 4129 Quo
1272 4053 1307 4117 in
1328 4051 1408 4117 libro
1429 4072 1562 4134 magnus
1584 4055 1746 4136 petitarum
1767 4071 1916 4116 numerus
1943 4071 2000 4116 no-

165 4153 306 4216 minatus
329 4159 411 4233 erat,
444 4153 499 4238 qni
521 4173 584 4237 qua
610 4152 678 4237 lege
707 4153 820 4237 digesti
848 4153 981 4234 luerint,
1014 4156 1066 4218 vix
1094 4155 1196 4220 evinci
1217 4160 1335 4240 potest,
1362 4173 1459 4238 quum
1482 4153 1520 4218 de
1543 4152 1667 4218 duabus
1688 4151 1905 4220 tantummode
1927 4152 2001 4218 libri

166 4255 311 4340 partibus
340 4255 422 4319 unde
448 4253 606 4339 proiectae
634 4257 699 4319 sint
725 4262 861 4333 conetet3
890 4276 965 4320 nam
992 4255 1122 4320 alteram
1150 4262 1287 4341 partem,
1317 4275 1396 4340 quae
1419 4255 1532 4338 legitur
1553 4255 1637 4340 apud
1658 4254 1794 4321 Macrcb.
1817 4256 1855 4336 V,
1879 4254 1935 4338 18,
1962 4276 2001 4320 ex

167 4355 307 4420 secundo
323 4355 418 4425 libro.
440 4355 587 4438 alteram,
610 4378 690 4441 quae
711 4363 760 4422 est
781 4357 866 4442 apud
887 4358 975 4440 Diog.
991 4357 1093 4422 baed.
1109 4359 1140 4440 2,
1154 4359 1212 4440 46,
1235 4379 1274 4424 cx
1295 4358 1396 4443 primo
1419 4358 1635 4443 depromptam
1657 4377 1727 4422 esee
1741 4379 1797 4443 pro
1813 4363 1898 4423 certe
1914 4357 2000 4422 altir-

166 4464 287 4534 matur3
309 4460 343 4521 in
359 4461 472 4522 ceteris
486 4457 560 4524 libri
572 4457 715 4542 reliqniis
730 4466 784 4524 aut
798 4461 925 4524 omnino
939 4481 1003 4526 non
1018 4465 1141 4526 eonsmt
1155 4461 1240 4526 unde
1255 4459 1420 4542 duxerint,
1441 4466 1497 4525 aut
1508 4465 1545 4525 ut
1558 4459 1641 4545 apud
1655 4458 1738 4526 Plut.
1754 4460 1788 4524 in
1802 4462 1857 4524 vit.
1873 4459 1963 4525 Hom.
1980 4459 2000 4524 3

168 4580 209 4624 ex
231 4559 364 4624 diversis
392 4559 553 4626 codicibus
582 4560 704 4626 diverse
732 4569 892 4645 narratur,
920 4565 967 4626 ita
990 4569 1027 4626 ut
1048 4563 1144 4628 nimis
1166 4563 1256 4628 velox
1277 4583 1347 4628 essa
1369 4562 1529 4645 videabrr,
1558 4565 1612 4646 qui
1636 4582 1675 4626 ex
1696 4569 1760 4626 mm
1784 4583 1880 4648 parve
1902 4564 1999 4645 signi-

167 4662 315 4727 ficatione
338 4663 376 4727 de
399 4663 593 4746 singulorum
615 4663 765 4729 librcrnrn
787 4667 981 4748 argumentis
1003 4663 1109 4748 aliqua
1131 4685 1204 4730 cern
1225 4665 1287 4729 fide
1309 4664 1449 4730 indicare
1472 4664 1556 4730 velit.
1601 4664 1734 4729 Videtur
1755 4671 1862 4730 tamen
1876 4665 2000 4729 Ariste·

167 4763 250 4828 tales
276 4764 317 4828 ad
342 4767 492 4850 temporis
517 4767 670 4830 rationem
697 4771 861 4851 poetarum
888 4769 970 4831 vitas
992 4787 1165 4832 revocasse.
1199 4767 1358 4846 Quomodo
1386 4787 1460 4832 vero
1487 4766 1628 4850 singulos
1652 4769 1853 4848 tractaverit,
1876 4786 1916 4830 ex
1936 4765 1999 4830 illis

169 4869 260 4950 qnasi
286 4865 359 4931 libri
386 4867 515 4951 frustis,
549 4887 628 4952 quae
655 4867 844 4934 Plutarchus
872 4875 905 4932 et
930 4869 1108 4935 Macrobius
1136 4874 1322 4951 servarunt,
1354 4868 1488 4952 intelligi
1517 4873 1630 4954 petest.
1673 4867 1876 4934 Aristotelem
1904 4869 2000 4950 igitur

167 4967 252 5032 vitas
266 4988 430 5034 enarrasse
445 4969 638 5034 credendum
655 4976 719 5052 est,
740 4972 931 5036 acerrimum
947 4991 1023 5036 sane
1045 4971 1078 5035 in
1096 4970 1247 5037 fabulosis
1270 4979 1302 5036 et
1322 4973 1508 5036 monstrosis
1530 4969 1733 5057 repudiandis
1756 4978 1788 5035 et
1809 4969 2000 5053 refellendis,

166 5089 244 5134 nam
266 5091 303 5134 ex
327 5091 379 5152 eo,-
408 5075 462 5155 qui
488 5073 521 5136 in
544 5073 670 5136 Homeri
691 5075 758 5137 vita
778 5071 909 5155 legitur,
937 5073 1006 5137 loco
1029 5093 1122 5138 nemo
1149 5073 1291 5158 prudens
1311 5073 1513 5138 Aristotelem
1540 5095 1560 5138 a
1580 5073 1690 5138 critica
1710 5079 1777 5137 arte
1799 5071 1999 5137 abhorruisse

167 5177 254 5237 recte
276 5173 433 5238 iudicasse
456 5173 518 5238 sibi
539 5173 713 5252 videbitur;
736 5180 861 5241 tantum
885 5175 1089 5240 statuendum
1109 5177 1185 5258 erit,
1211 5174 1417 5241 Plutarchum
1437 5174 1613 5258 neglexisse
1636 5194 1737 5260 neque
1758 5175 1793 5240 in
1814 5194 1874 5238 sua
1894 5179 1999 5238 trane

1781 5290 1798 5344 E
