4866 6178
871 400 1255 466 ,.„31...

325 587 495 675 Appendix
516 587 569 654 IV.
593 587 634 652 82
656 587 698 652 τὰ
720 577 814 660 μηδὲν
836 587 906 675 πρός
927 587 980 652 τόν
1002 586 1157 652 Διόνυσον·
1181 588 1229 652 ἐπὶ
1250 597 1311 652 τῶν
1332 587 1373 652 τὰ
1396 587 1531 652 ἀνοικεῖόι
1553 611 1611 652 τισι
1633 587 1867 678 προσφερόντων.

325 693 364 758 In
384 688 548 756 Plutarchi
575 691 719 756 convivio
741 691 764 756 l.
790 691 825 771 1,
854 689 883 760 5.
906 711 936 774 p.
961 690 1022 754 615
1045 711 1072 756 a.
1097 710 1137 754 ex
1159 689 1321 756 sodalibus
1343 711 1426 755 uuus
1449 710 1485 754 eo
1509 691 1610 756 utitur
1631 691 1811 775 proverbio:
1840 692 1937 781 ὥσπερ
1960 683 2011 756 ούν

171 795 323 886 Φρυνίχου
345 794 397 857 καὶ
418 791 569 882 Αἰσχύλου
591 793 647 862 τόν
667 779 840 881 τραγῳδίαν
862 797 903 866 εἰς
925 789 1035 880 μύθους
1057 793 1108 855 καὶ
1130 790 1213 863 πάθη
1234 792 1443 881 προαγόντων,
1475 789 1583 880 ἐλέχθη
1605 793 1635 855 τί
1656 801 1756 856 ταῦτα
1777 794 1847 882 πρός
1868 793 1921 857 τόν
1942 793 2012 858 Διό-

173 921 275 978 νυσον;
297 896 393 972 ούτως
414 900 518 986 ἔμοιγε
539 917 567 959 κ.
591 897 619 960 le
664 893 757 958 Haud
778 914 870 958 secus
892 893 927 958 in
947 893 1079 959 Luciani
1101 893 1216 960 Bacch.
1241 893 1305 978 §h
1349 893 1472 960 Heliod.
1495 893 1641 980 Aethiop.
1662 895 1701 960 Π.
1726 895 1782 976 24,
1804 897 1838 958 in
1860 895 2011 960 Cicerone

172 1001 214 1066 ad
236 1000 300 1066 Aet.
326 999 381 1081 14,
405 997 455 1064 13.

325 1101 370 1166 Ex
386 1100 461 1181 illis,
476 1119 556 1183 quos
567 1098 660 1164 modo
673 1096 776 1179 attuli,
791 1097 868 1163 locis
881 1097 1154 1164 Chamaeleontem
1164 1097 1258 1162 aliam
1269 1100 1427 1183 proverbii
1442 1099 1734 1184 interpretationem
1746 1099 1942 1182 quaesivisse
1953 1121 2010 1186 pa-

172 1212 220 1270 tet
234 1210 328 1289 atque
343 1203 435 1268 tritas
449 1201 532 1283 illas,
555 1200 724 1284 exquibus
740 1200 771 1264 id
787 1201 988 1285 proverbium
1004 1203 1169 1265 inventum
1185 1207 1270 1264 essct
1285 1200 1334 1265 vel
1350 1201 1389 1266 ad
1406 1202 1601 1267 reiciendum
1617 1201 1784 1266 molestum
1799 1201 1926 1285 aliquod
1946 1209 2010 1267 tra-

172 1307 301 1392 goediae
317 1326 426 1390 genus,
440 1303 491 1370 vel
508 1303 548 1368 ad
563 1301 839 1388 reprehendendos
855 1303 950 1368 rudes
965 1302 1104 1368 militum
1119 1303 1331 1368 Romanorum
1346 1324 1460 1384 mores,
1484 1306 1537 1387 qui
1554 1306 1587 1368 in
1603 1303 1720 1384 tabula,
1742 1305 1776 1366 iu
1792 1325 1854 1387 qua
1867 1304 2012 1388 Dionysii

172 1412 275 1493 imago
298 1415 383 1472 esset
409 1409 510 1492 picta,
538 1404 668 1470 calculis
695 1404 856 1470 lusissent.
907 1405 997 1483 Quod
1024 1412 1132 1469 narrat
1151 1404 1302 1488 Polybius
1324 1405 1408 1490 apud
1432 1405 1619 1470 Strabonem
1642 1405 1708 1471 Vll.
1733 1406 1762 1468 6.
1807 1406 1948 1471 Tauohn.
1971 1407 2010 1473 Π.

171 1533 242 1599 pag.
264 1510 336 1576 215.
380 1506 464 1580 Φησὶ
485 1507 543 1598 γὰρ
566 1496 640 1570 ἰδεῖν
660 1505 764 1595 παρὼν
787 1505 974 1596 ἐρριμμένους
995 1507 1123 1581 πίνακας
1145 1505 1195 1570 ἐπ’
1218 1495 1362 1594 ἐδάφους,
1383 1508 1585 1582 πεττεύοντας
1607 1497 1642 1572 δὲ
1663 1508 1732 1582 τούς
1754 1507 1941 1595 στρατιώτας
1963 1509 2012 1573 ἐπὶ

172 1615 299 1679 τούτων.
343 1601 508 1700 Ὀνοριόιζιι
530 1599 561 1672 δ’
583 1611 683 1672 αὐτῶν
704 1597 880 1696 Ἀριστείδου
906 1608 1022 1697 γραφὴν
1047 1617 1104 1672 τοῦ
1127 1607 1287 1690 Διονύσου,
1316 1609 1360 1698 ἐφ’
1388 1603 1422 1672 ού
1443 1631 1520 1684 τινες
1547 1607 1680 1698 εἰρῆσθαί
1703 1632 1774 1697 φασι
1795 1610 1832 1673 τό
1854 1600 1957 1675 Ούόὲν
1978 1633 2009 1676 π.

172 1741 202 1783 τ.
223 1715 259 1782 Δ.
298 1713 501 1796 Tertiamque
523 1711 623 1777 habes
644 1712 937 1794 interpretationem
960 1731 1056 1795 quam
1078 1731 1094 1774 e
1115 1710 1295 1776 Theaetetis
1318 1711 1398 1777 libro
1420 1711 1458 1776 de
1481 1713 1656 1798 proverbiis
1675 1711 1790 1776 Suidas
1813 1715 2013 1798 transcripsit

174 1841 199 1884 s.
222 1837 252 1883 v.
276 1805 378 1880 Οὐδὲν
399 1837 431 1881 π.
453 1837 481 1879 τ.
499 1812 534 1880 Δ.
557 1811 728 1901 Παρράσιόν
750 1807 821 1901 φησι
842 1812 895 1876 τόν
918 1803 1077 1901 ζωγράφον
1099 1806 1319 1903 ἀγωνιζόμενον
1340 1813 1423 1902 παραὶ
1443 1811 1609 1901 Κορινθίοις
1628 1823 1751 1886 ποιῆσαι
1773 1813 1915 1878 Διόνυσον
1937 1814 2012 1879 κοίλ-

172 1924 288 1984 λιστον·
309 1918 380 1992 τούς
402 1905 436 1980 δὲ
459 1919 590 2004 ὁρῶντας
611 1914 652 1979 τά
672 1937 707 1978 τε
728 1923 791 1977 τῶν
805 1912 978 2003 Παρρασίου
1001 1913 1145 1980 Διόνυσον
1168 1917 1324 2004 ἐπιφωνεῖν
1346 1915 1386 1980 Τί
1407 1918 1478 2005 πρός
1499 1918 1552 1980 τόν
1574 1915 1732 1996 Διόνυσον;
1755 1917 1886 1982 ἐπὶτῶν
1909 1918 1950 2007 μό
1970 1917 2013 1982 τοὶ

173 2021 364 2111 apoc-laeves
390 2028 455 2093 τοῖς
481 2016 685 2107 ὑποκειμένοις
713 2015 934 2105 φλυαρούντων.
980 2017 1100 2095 Quibus
1128 2019 1443 2104 interpretationibus
1465 2019 1497 2084 id
1520 2040 1687 2085 commune
1709 2021 1808 2099 inest,
1830 2026 1867 2084 ut
1889 2019 1928 2085 de
1951 2020 2011 2085 Co-

173 2123 278 2189 rintho
300 2130 356 2186 aut
377 2121 512 2205 Sicyone
536 2126 568 2185 et
591 2119 629 2184 de
644 2119 795 2203 Dionysio
818 2117 939 2204 aliquid
962 2119 1151 2202 significent.
1185 2119 1436 2186 Chamaeleontis
1458 2143 1532 2186 vero
1554 2123 1771 2206 interpretatio
1795 2125 1894 2205 magis
1916 2122 2011 2205 origi·

173 2247 248 2292 nem
268 2224 426 2310 proverbii
449 2229 609 2308 spectasse
632 2211 768 2302 videtur,
790 2241 863 2286 nam
886 2221 979 2286 aliter
1000 2230 1127 2307 propter
1141 2221 1256 2288 Suidae
1279 2222 1360 2289 illud
1381 2230 1414 2288 et
1427 2224 1531 2289 Photii
1549 2221 1735 2312 Χαμαιλέων
1756 2223 1797 2287 τὰ
1817 2224 2012 2312 παραπλήσια

173 2332 286 2416 ἱστορεῖ
303 2347 366 2391 nou
389 2322 595 2390 statuendum
618 2328 693 2406 erit,
716 2343 812 2408 quum
835 2323 1022 2388 Theaetetes
1049 2332 1081 2390 et
1101 2323 1251 2408 Polybius
1280 2346 1358 2409 quas
1381 2347 1438 2411 per
1459 2326 1642 2391 occasiones
1664 2326 1698 2390 id
1724 2325 1900 2391 adhibitum
1927 2334 2013 2391 esset

172 2434 447 2516 persequerentur.
492 2427 539 2492 Ex
561 2448 597 2492 eo
620 2447 709 2508 vero,
736 2425 821 2510 quod
848 2427 883 2490 in
909 2427 989 2492 libro
1012 2448 1070 2492 suo
1093 2426 1132 2491 de
1155 2427 1314 2514 Thespide
1337 2427 1546 2493 Chamaeleon
1572 2428 1658 2493 hunc
1687 2427 1726 2492 de
1747 2428 1927 2512 tragoediae
1948 2431 2011 2494 ori·

172 2534 246 2616 gine
268 2531 373 2596 locum
395 2533 514 2614 attigit,
536 2529 615 2594 duas
637 2550 688 2594 res
711 2529 855 2594 elicuisse
876 2529 1003 2594 videtur
1023 2530 1269 2614 Peripateticus,
1298 2529 1430 2596 alteram
1452 2537 1488 2596 ut
1510 2529 1703 2616 Thespidem
1726 2551 1765 2596 ex
1786 2531 1914 2596 illorum
1935 2534 2010 2616 pori·

172 2641 277 2699 tarum
305 2653 456 2716 numero,
487 2634 541 2717 qui
569 2631 615 2696 nil
644 2631 708 2696 nisi
730 2630 874 2714 Satyrica
902 2629 1045 2696 dramata
1074 2631 1306 2714 condidissent,
1339 2632 1542 2698 eximendum
1572 2653 1642 2698 esse
1672 2633 1813 2709 doceret;
1845 2633 2012 2718 quodnisi

174 2737 355 2817 statuisset,
383 2736 421 2801 de
444 2733 602 2821 Thespide
624 2753 687 2798 non
710 2733 863 2817 singulari
885 2731 982 2815 libro,
1009 2732 1042 2799 id
1064 2734 1149 2818 quod
1175 2754 1240 2800 non
1261 2734 1486 2800 animadvertit
1506 2733 1670 2800 Bentleius
1696 2737 1730 2799 in
1753 2733 1867 2821 Opusc.
1891 2756 1921 2820 p.
1937 2735 2012 2816 284,

173 2837 230 2904 sed
252 2839 284 2902 ίν
297 2847 343 2921 τῷ
364 2839 431 2926 περὶ
453 2836 588 2924 σατύρων
602 2837 742 2922 prolecto
763 2836 894 2919 egisset3
916 2835 1064 2918 alteram,
1086 2844 1123 2901 ut
1143 2837 1177 2901 in
1198 2835 1277 2902 libro
1300 2837 1338 2902 de
1355 2837 1513 2924 Thespide
1536 2858 1634 2921 quum
1650 2837 1688 2902 de
1704 2837 1883 2923 primordiis
1899 2838 2011 2902 Graeci

173 2939 340 3022 dramatis,
364 2947 434 3004 tum
462 2939 500 3003 de
523 2941 660 3023 tragicae
682 2940 760 3002 artis
782 2940 999 3024 progressione
1021 2937 1061 3004 ad
1085 2938 1277 3025 Thespidem
1299 2959 1417 3023 usque,
1443 2946 1480 3004 ut
1501 2941 1569 3004 eius
1590 2942 1722 3004 inventa
1742 2941 1916 3023 meritaque
1937 2939 2011 3005 illn-

172 3047 298 3125 straret,
320 3055 392 3107 crmr
416 3041 577 3107 doctrinae
594 3043 744 3106 varietate
759 3041 927 3105 Aristotele
951 3041 995 3124 (in
1008 3042 1095 3106 Poiit.
1110 3041 1164 3124 IV,
1181 3041 1229 3106 14.
1251 3041 1378 3108 Rhetor.
1394 3041 1451 3124 Ill,
1467 3042 1496 3126 1)
1519 3042 1647 3108 uberius
1671 3049 1703 3106 et
1725 3044 1881 3127 copiosius
1895 3048 2011 3126 ageret.

173 3144 255 3223 Quid
268 3165 344 3209 vero
360 3143 549 3210 Chameleon
572 3144 592 3208 1.
604 3142 625 3208 l.
642 3139 777 3209 dixerit?
798 3145 878 3226 Aug.
895 3141 1073 3209 Boeclrhius
1089 3145 1121 3208 in
1137 3143 1233 3209 rebus
1248 3145 1320 3210 Ath.
1338 3143 1387 3210 ed.
1403 3145 1429 3227 1,
1444 3145 1473 3210 2.
1497 3167 1528 3232 ρ.
1543 3143 1605 3209 362
1621 3145 1652 3210 d.
1676 3151 1709 3210 et
1723 3147 1756 3210 in
1772 3144 1861 3229 Corp.
1878 3141 1974 3210 lnscr.
1986 3145 2010 3210 I.

171 3268 241 3334 pag.
258 3246 319 3310 765
335 3267 381 3330 sq.
405 3245 590 3312 Welclrerus
612 3247 647 3310 in
661 3245 821 3312 Additam.
838 3245 976 3310 Otoired.
992 3245 1163 3312 Muellerus
1186 3247 1219 3312 in
1233 3247 1307 3312 Dor.
1325 3247 1374 3314 ed.
1391 3249 1420 3311 1.
1444 3248 1475 3329 2,
1490 3247 1562 3313 367.
1591 3246 1795 3312 Thierschins
1817 3247 1851 3311 in
1872 3268 2011 3332 prooem.

170 3349 263 3414 Pind.
278 3371 309 3435 p.
326 3349 397 3414 151.
427 3348 550 3414 Godolr.
568 3348 768 3412 llermauuus
790 3351 824 3412 in
846 3349 926 3413 actis
941 3348 1025 3434 Lips.
1042 3369 1069 3414 a.
1088 3347 1179 3414 1821.
1203 3349 1260 3414 Νο.
1278 3350 1326 3415 15.
1351 3357 1384 3414 et
1398 3349 1434 3414 in
1447 3349 1549 3415 Praei.
1567 3348 1651 3432 Cycl.
1667 3349 1720 3413 IX.
1748 3351 1876 3416 chorum
1892 3351 2013 3416 ducunt

171 3471 296 3532 eorum,
326 3453 380 3534 qni
402 3453 576 3515 recentiore
598 3456 740 3536 tempore
764 3451 939 3516 Casauboni
961 3450 1159 3535 Bentleiique
1182 3451 1286 3516 studia
1308 3451 1346 3516 de
1370 3451 1521 3516 dramatis
1543 3451 1722 3537 primordiis
1745 3451 1831 3518 illius
1853 3451 2012 3538 proverbii

169 3656 204 3720 in
238 3653 446 3721 defendendis
475 3655 642 3720 sententiis
670 3662 719 3718 est
752 3653 928 3720 adhibitum
956 3658 990 3720 in
1019 3657 1220 3740 quaestione,
1254 3676 1335 3739 quae
1365 3663 1472 3722 tamen
1502 3677 1541 3720 cx
1568 3655 1821 3721 Chamaeleontis
1853 3656 1930 3720 locis
1955 3676 2012 3740 per
2066 3725 2069 3732 ,

171 3777 280 3823 omnes
308 3779 382 3823 suas
410 3763 515 3843 partes
542 3758 583 3822 ad
609 3757 782 3843 perlectam
810 3759 1069 3844 perspicuitatem
1096 3757 1196 3840 redigi
1223 3779 1288 3823 non
1314 3762 1444 3845 poterit;
1473 3759 1570 3822 immo
1593 3778 1666 3823 vero
1688 3780 1727 3822 ea
1749 3759 1895 3824 astartis
1917 3757 2011 3824 huius

168 3858 409 3946 litterarumque
430 3859 543 3924 harum
567 3867 693 3942 natura,
719 3867 755 3924 nt
776 3881 856 3944 quae
878 3861 949 3946 plus
971 3880 1034 3926 uno
1058 3862 1206 3926 Graeciae
1229 3859 1295 3926 loco
1320 3881 1359 3925 ex
1381 3861 1587 3947 extemporali
1609 3881 1668 3924 usu
1690 3861 1876 3946 prodierunt
1896 3880 2012 3942 genera

170 3968 204 4026 et
217 3963 353 4030 Athenis
376 3963 504 4027 demum
525 3962 664 4047 perlecta
686 3963 895 4048 omnibusque
918 3963 1058 4028 numeris
1080 3963 1226 4028 absoluta
1241 3968 1331 4028 sunt:
1354 3965 1500 4047 utigitur
1515 3983 1562 4044 ea,
1585 3962 1740 4046 quomodo
1755 3983 1825 4028 sese
1841 3961 2012 4028 extulerint

170 4064 302 4148 suisque
328 4065 534 4130 incrementis
560 4064 769 4146 adoleverint,
796 4067 975 4130 narratione
1002 4067 1150 4152 persequi
1178 4086 1270 4130 nemo
1298 4066 1413 4151 possit3
1440 4086 1515 4130 nam
1542 4065 1581 4130 ab
1608 4067 1699 4130 initio
1725 4070 1855 4152 propter
1881 4067 2011 4148 originis

169 4167 397 4232 obscuritatem
424 4174 457 4231 et
482 4168 725 4252 primordiorum
748 4169 952 4250 exiguitatem
979 4189 1071 4232 nemo
1093 4187 1236 4252 unquam
1258 4166 1365 4232 oculos
1387 4169 1421 4232 in
1444 4187 1483 4231 ea
1504 4167 1724 4250 convertebat,
1753 4175 1864 4254 postea
1884 4174 2011 4252 tempus

168 4268 422 4356 praeterlapsum
435 4269 603 4334 videbatur
618 4290 690 4334 oum
713 4269 779 4335 ulla
799 4272 941 4356 prosperi
963 4276 1096 4335 eventus
1118 4291 1174 4356 spe
1197 4290 1307 4335 omnes
1329 4268 1376 4334 rei
1397 4275 1517 4335 aetates
1539 4272 1573 4334 in
1590 4277 1730 4336 mentem
1746 4289 1910 4351 revocare,
1933 4289 2011 4354 quas

170 4391 223 4452 ea,
245 4373 341 4436 variis
362 4370 502 4437 locorum
523 4371 633 4437 adiuta
655 4371 817 4437 beneficiis
835 4380 891 4437 aut
904 4372 1067 4437 hominum
1082 4375 1218 4456 ingeniis
1233 4377 1328 4438 aucta
1342 4379 1375 4435 et
1389 4371 1581 4457 amplificata
1602 4374 1722 4458 passim
1744 4375 1813 4436 erat
1833 4393 2010 4457 permensa

170 4473 308 4538 Tantum
330 4475 532 4540 refutandum
555 4495 619 4539 non
641 4461 709 4539 erit'
722 4481 778 4539 aut
799 4474 1067 4559 impugnandum,
1092 4473 1177 4558 quod
1199 4473 1386 4540 Aristoteles
1408 4476 1472 4539 iam
1493 4475 1527 4539 in
1548 4474 1635 4539 Post.
1654 4474 1708 4556 Ν,
1730 4474 1770 4539 14
1791 4494 1838 4558 sq.
1862 4476 1895 4540 in
1918 4475 2009 4541 eret.

168 4575 229 4657 Ill,
246 4575 297 4659 14,
311 4577 341 4640 5.
365 4577 524 4658 docuerat,
546 4577 738 4661 tragoediam
761 4583 902 4642 exortam
924 4597 994 4642 esse
1017 4597 1056 4641 ex
1071 4577 1185 4659 choris,
1208 4579 1263 4660 qui
1277 4583 1430 4663 perpetua
1444 4597 1517 4641 curu
1536 4576 1702 4642 saltatione
1717 4576 1893 4660 Dionysum
1907 4577 2010 4642 Deum

169 4677 318 4744 brevibus
348 4677 537 4763 quibusdam
566 4680 775 4760 carminibus,
801 4689 955 4770 τραγικοῖς
976 4690 1090 4768 χοροῖς,
1120 4679 1315 4744 celebrantes
1345 4677 1473 4744 exordia
1495 4685 1527 4744 et
1554 4679 1691 4765 epilogos
1717 4687 1867 4744 canerent
1887 4685 1920 4744 et
1940 4681 2011 4763 qui,

170 4800 264 4864 quem
291 4781 348 4846 soli
378 4781 565 4847 exhiberent
591 4779 838 4866 extemporalem
866 4788 995 4846 cantum
1022 4802 1130 4846 eorum
1158 4781 1271 4864 duces,
1308 4786 1335 4844 οί
1358 4772 1547 4871 ἐξάρχοντες,
1583 4783 1678 4846 certis
1710 4780 1788 4846 locis
1819 4783 2010 4868 precationis

168 4882 311 4948 formulis
333 4884 610 4970 interrumperent.
644 4883 793 4949 Eiusdem
815 4887 939 4967 generis
961 4884 1059 4950 festos
1082 4884 1149 4950 dies
1171 4885 1257 4970 apud
1279 4905 1333 4948 eas
1356 4891 1465 4968 gentes
1486 4883 1590 4968 iisque
1613 4883 1647 4949 in
1663 4884 1812 4948 Graeciae
1827 4882 2010 4967 regionibus

171 4986 272 5068 primo
302 5006 371 5050 esse
400 4985 590 5068 celebratos,
618 5006 698 5070 quae
725 4993 853 5072 propter
877 4989 1073 5052 vicinitatem
1101 4994 1134 5051 et
1161 4989 1347 5052 continuum
1376 5006 1449 5052 cum
1471 4986 1548 5051 Asia
1576 4989 1799 5052 commercium
1820 4987 2011 5052 Asianorum

169 5085 310 5151 moribus
337 5093 369 5152 et
395 5089 552 5153 institutis
580 5090 716 5152 maxime
743 5094 904 5173 paterent,
931 5091 1014 5154 inter
1037 5109 1146 5154 omnes
1175 5095 1308 5154 constat
1351 5089 1390 5154 ln
1410 5090 1490 5154 Asia
1511 5089 1596 5153 enim
1622 5088 1690 5153 dies
1711 5089 1787 5153 lasti
1809 5089 1863 5173 qui
1884 5089 2011 5172 frugum

168 5189 311 5253 omnium
332 5195 364 5254 et
386 5202 595 5276 proventuum
617 5190 799 5256 auctoribus
814 5191 883 5256 Diis
906 5191 1158 5275 celebrabantur,
1181 5212 1253 5257 cmu
1274 5193 1388 5256 luroris
1410 5190 1576 5256 cuiusdam
1590 5191 1714 5256 insania
1728 5190 1912 5274 agebantur.
1944 5189 2008 5256 Ita-
