4866 6178
1278 355 1490 419 ..43-

457 549 536 614 ἑπτοὶ
551 557 660 637 σοφῶν,
682 545 750 618 ἤτοι
765 544 902 621 Σόλωνος
916 542 936 616 ἣ
951 541 1067 610 Θαλοῦ.
1102 543 1247 608 Ceterum
1268 522 1301 607 in
1315 545 1406 606 tanta
1420 543 1638 626 suffragiorum
1654 541 1868 628 discrepantia
1882 544 2023 630 plerique
2039 547 2157 615 Chiloni
2172 552 2281 623 dietum

456 651 534 716 illud
557 650 746 730 tribuemnt,
768 649 851 732 quod
873 648 964 712 docet
977 647 1089 712 Arsen.
1106 649 1138 710 iu
1155 643 1266 708 Violet.
1284 666 1313 730 p.
1332 644 1402 708 165.
1424 641 1521 708 Γνῶθι
1544 644 1663 709 σαυτθν.
1697 645 1745 710 ἐπὶ
1760 654 1820 709 τῶν
1835 645 1906 734 ὑπὲρ
1927 636 2050 738 δύναμιν
2063 645 2280 736 κομπαζίντυν·

455 755 493 818 τθ
516 743 550 816 δὲ
572 749 754 840 ἀπόφθεγμα
775 749 915 825 Βίαντος
948 753 988 824 ὡς
1013 749 1158 836 παροιμία
1180 735 1215 809 δὲ
1235 743 1438 834 λαμβάνεται·
1472 757 1617 835 μαρτυρεῖ
1636 743 1831 836 Θεόφραστος
1854 749 1884 812 ὲν
1905 759 1950 832 τῷ
1971 753 2037 840 περὶ
2057 765 2227 842 παροιμιῶν·
2257 767 2281 824 01

455 854 564 919 πολλοὶ
586 843 620 916 δὲ
641 850 783 927 Χίλωνος
798 848 872 914 εἶναι
893 852 929 913 τύ
952 847 1148 940 ἀπόφθεγμα·
1184 847 1341 936 Κλέαρχος
1363 836 1398 910 δὲ
1420 848 1477 912 had
1499 857 1554 912 τοῦ
1577 845 1646 912 θεοῦ
1668 845 1812 936 λεχθῆναι
1833 847 1946 914 Χίλωνι
1968 844 2204 944 Λακεδαιμονίῳ.
2240 863 2280 930 01,
2390 863 2392 870 ’

456 955 595 1043 Apostol.
612 956 698 1020 Cent.
716 955 773 1037 Vl,
787 954 838 1020 42.
862 953 949 1036 Diog.
966 953 1066 1018 Laert.
1086 954 1114 1034 1,
1129 952 1180 1015 40.
1206 957 1238 1014 et
1252 951 1372 1034 hlenag.
1390 951 1430 1014 ad
1446 950 1476 1014 h.
1488 950 1526 1032 l.,
1547 950 1672 1016 Diodor.
1688 950 1833 1037 llxoerpt.
1850 954 1919 1018 Vat.
1935 976 1965 1039 p.
1983 956 2032 1019 19.

1049 1190 1144 1256 XVII.
1173 1190 1352 1255 Incertae
1376 1189 1481 1254 sodis
1504 1188 1703 1273 reliquiae.

607 1365 698 1430 Nunc
728 1369 825 1428 restat
852 1369 888 1428 ut
915 1361 953 1426 de
981 1362 1104 1427 duabus
1133 1381 1263 1444 mamus
1291 1359 1446 1444 reliquiis,
1477 1379 1557 1443 quae
1584 1359 1668 1424 unde
1691 1361 1853 1426 desumtee
1877 1365 1941 1427 sint
1969 1385 2096 1450 prorsus
2117 1369 2283 1451 ignoramus

458 1489 561 1553 neque
584 1470 764 1533 coniectura
786 1467 912 1549 assequi
935 1485 1112 1550 possumus.

609 1567 1020 1653 Diog.Laert.111,31‚46.
1049 1561 1195 1636 Μαθηταὶ
1219 1554 1244 1627 δ’
1261 1568 1354 1628 αὐτοῦ
1377 1561 1441 1650 (τοῦ
1458 1563 1631 1648 Πλάτωνος)
1655 1563 2023 1644 ΣπεύσιπποςῖΑθηναῑοις
2045 1593 2071 1634 κ.
2087 1573 2130 1651 λ,
2151 1576 2181 1636 ἔν
2199 1595 2234 1636 ιοι
2255 1563 2285 1637 δὲ

457 1676 508 1737 καὶ
529 1671 725 1761 Θεόφραστον
748 1671 874 1734 ἀκοῦσαί
897 1691 985 1756 φασιν
1008 1671 1117 1731 αὐτοῦ·
1140 1668 1191 1731 καὶ
1215 1655 1372 1754 Ὑπερίδην
1393 1667 1447 1729 τθν
1470 1667 1580 1756 ῥήτορα
1602 1664 1787 1758 Χαμαιλέων
1810 1669 1880 1756 φησί
1903 1673 1954 1733 καὶ
1972 1667 2163 1763 Λυκοῦργον·
2185 1677 2285 1764 ὁμοίως

456 1774 607 1864 Πολέμων
628 1777 743 1862 ἱστορεῖ.
776 1773 813 1836 ln
835 1769 1086 1856 interpungendo
1109 1768 1167 1832 hoc
1190 1769 1258 1834 loeo
1282 1771 1398 1832 erravit
1419 1768 1578 1834 Prellerus
1601 1770 1652 1851 (de
1674 1769 1790 1836 Polam.
1814 1791 1843 1856 p.
1859 1771 1922 1852 43),
1945 1776 1999 1856 qui
2021 1775 2105 1838 inter
2118 1774 2285 1842 Polemonis

456 1878 604 1962 reliquias
626 1876 704 1940 haec
720 1877 886 1960 reciperet:
910 1873 1018 1962 ὁμοίιος
1033 1869 1183 1959 Πολέμων
1205 1875 1317 1958 ἱστορεῖ
1328 1873 1380 1933 καὶ
1395 1869 1597 1958 Δημοσθένην.
1631 1872 1748 1937 Maiore
1763 1893 1836 1937 vero
1852 1873 2052 1940 distinctione
2067 1897 2147 1962 opus
2162 1887 2209 1942 est
2223 1887 2288 1963 post

457 1985 567 2069 ἱστορεῖ
586 1982 645 2060 ita,
667 1987 702 2042 ut
716 1977 919 2043 Polemonem
940 1995 1002 2040 non
1026 1972 1219 2037 credendum
1242 1976 1284 2037 sit
1298 1973 1543 2038 Demosthenem
1564 1976 1648 2038 inter
1662 1975 1801 2040 Platonis
1817 1975 1987 2062 discipulos
2002 1999 2185 2046 numerasse
2201 1981 2286 2066 (quae

457 2082 643 2148 eratSabini
655 2082 822 2160 sententia,
833 2099 927 2162 quam
939 2079 966 2141 is
982 2097 1019 2140 ex
1035 2083 1144 2160 quarto
1161 2079 1359 2164 μελετητικῆς
1374 2075 1446 2152 ύλης
1462 2076 1538 2141 libro
1551 2077 1761 2142 Menesistrati
1773 2079 1880 2142 Thasii
1895 2079 2022 2160 hausit),
2037 2081 2094 2145 sed
2106 2081 2285 2168 Hyperidem

457 2193 489 2249 et
500 2185 694 2268 Lycurgum,
710 2181 793 2264 quod
805 2181 888 2245 idem
906 2181 1024 2244 lecerat
1035 2185 1107 2242 ante
1120 2199 1192 2241 eum
1206 2177 1423 2242 Chamaeleon.
1448 2178 1492 2242 Ex
1506 2199 1566 2263 quo
1578 2180 1662 2244 lente
1675 2179 1883 2244 Chamaeleon
1900 2182 2051 2264 hauserit,
2068 2204 2164 2266 quum
2177 2185 2286 2268 Lycur-

457 2307 531 2370 gum
545 2286 684 2351 Platonis
700 2283 889 2368 discipulum
903 2281 1095 2362 nominaret,
1113 2301 1175 2345 non
1192 2286 1241 2345 est
1256 2279 1383 2344 difficile
1400 2280 1520 2346 docere.
1552 2281 1708 2346 Philiscus
1724 2285 1826 2364 enim,
1843 2285 1894 2367 qui
1911 2283 2043 2368 Lycurgi
2058 2286 2208 2370 aequalis,
2223 2309 2286 2352 ore·

456 2390 533 2454 toris
555 2391 652 2453 vitam
681 2388 910 2470 conscripserat
932 2383 1033 2466 (Suid.
1054 2403 1083 2447 v.
1105 2378 1257 2457 Φίλισκος.
1278 2383 1359 2446 Plut.
1380 2383 1435 2447 vit.
1456 2383 1529 2468 hyo.
1552 2383 1649 2466 initi,
1672 2387 1792 2468 primus
1816 2407 1852 2448 ea
1875 2385 1913 2449 de
1936 2387 2076 2470 Lycurgo
2101 2377 2286 2468 narraveram

457 2495 503 2556 sio
532 2494 618 2555 enim
639 2486 878 2574 Olympiodorus
905 2484 946 2550 ad
969 2487 1075 2568 Gorg:
1109 2483 1156 2547 ὅτι
1177 2482 1322 2559 Φίλισκος
1352 2487 1368 2546 θ
1398 2485 1493 2574 ρ’ήτωρ
1518 2485 1641 2576 γρσίῳων
1669 2486 1722 2549 cdv
1749 2496 1803 2550 τοῦ
1826 2486 2006 2577 Λυκούργου
2033 2491 2096 2572 βίον
2119 2493 2219 2579 φησὶν,
2246 2492 2288 2554 ὅτι

458 2593 552 2683 μέγας
574 2593 679 2683 γέγονε
701 2590 878 2680 Λυκοῦργος
905 2591 955 2652 καὶ
981 2587 1083 2651 πολλοὶ
1105 2584 1318 2676 κατώρθωσεν,
1346 2591 1444 2650 doda
1469 2593 1531 2652 ἐστι
1554 2578 1680 2652 δυνατθν
1702 2586 1904 2678 κατορθῶσαι,
1931 2591 1984 2652 τθν
2006 2593 2047 2680 μὴ
2070 2591 2287 2682 ἀκροασάμενον

456 2705 517 2760 τῶν
539 2695 638 2784 λύγων
660 2691 836 2768 Πλάτωνος·
859 2685 895 2762 ἦν
918 2681 952 2754 δὲ
974 2691 1025 2753 καὶ
1047 2695 1064 2754 ὁ
1085 2686 1264 2777 Λυκοῦργος
1285 2683 1371 2763 ούτος
1393 2693 1409 2752 θ
1432 2691 1528 2779 ρἠτωρ
1552 2691 1701 2779 ἀκροατὴς
1723 2689 1896 2768 Πλάτωνος.
1930 2691 2051 2758 Similia
2074 2694 2114 2760 de
2137 2695 2287 2781 Hyperide

456 2795 764 2883 Pseudoplutarchus
786 2797 819 2858 in
842 2797 906 2858 vita
928 2795 1011 2858 eius:
1035 2793 1183 2880 ἀκροατὴς
1206 2783 1241 2854 δὲ
1256 2788 1422 2866 Πλάτωνος
1443 2793 1600 2882 γενόμενος
1620 2803 1676 2856 τοῦ
1699 2796 1861 2882 ῳιλοσόῳου
1884 2797 1949 2882 ἅμα
1963 2792 2134 2887 Λυκούργῳ
2156 2799 2206 2861 καὶ
2225 2795 2288 2860 Ἰσο-

330 2969 334 2977 ,
457 2898 583 2989 κράτους
604 2909 659 2962 τοῦ
683 2901 803 2986 ρἰίτορος
830 2900 904 2960 al.
936 2896 1001 2960 Nec
1025 2895 1172 2959 dissentit
1194 2893 1305 2960 Suidas
1328 2914 1356 2959 v.
1374 2883 1557 2981 ’Υπερείδηςι
1586 2893 1775 2983 μαθητεύσας
1797 2897 1861 2984 ἅμα
1883 2895 2052 2986 Λυκούργῳ
2076 2901 2128 2963 καὶ
2150 2897 2288 2962 Πλάτωνι

456 3011 501 3084 τῷ
530 3002 683 3090 φιλοσόφῳ
711 2997 868 3089 Ἰσοκράτει
893 3019 928 3062 τε
954 3005 1000 3080 τῷ
1027 2997 1134 3085 ρ’νίτορι.
1172 2997 1334 3082 Temporis
1362 2999 1514 3062 rationem
1541 3016 1604 3061 non
1631 2999 1755 3063 obstare
1783 3007 1868 3064 recte
1891 2999 1998 3064 docuit
2022 2999 2232 3086 Kiesslingius
2257 3004 2286 3066 in

457 3105 555 3184 libro,
577 3106 630 3186 qui
653 3109 702 3166 est
723 3103 762 3167 de
784 3099 951 3187 Hyperide.

608 3205 696 3287 Diog.
713 3205 812 3269 Ladrt.
829 3205 866 3284 V,
876 3204 912 3284 θ,
927 3204 956 3265 7.
979 3200 1061 3272 Φησὶ
1085 3191 1111 3264 δ’
1128 3193 1326 3290 Ἀριστόξενος
1349 3205 1365 3264 d
1387 3202 1527 3290 μουσικὰς
1541 3203 1591 3265 καὶ
1605 3193 1775 3293 τραγῳδίας
1790 3204 1880 3267 αύτθν
1901 3202 1962 3290 (σύν
1977 3197 2185 3293 Ἡρακλείδην)
2200 3216 2287 3270 ποιεῖν

458 3310 509 3373 καὶ
523 3297 674 3382 Θέσπιδος
696 3306 789 3381 αύτάς
811 3305 995 3395 ἐπιγράφειν·
1019 3302 1203 3394 Χαμαιλέων
1225 3325 1259 3367 τε
1281 3304 1322 3367 τοὶ
1343 3302 1410 3390 παρ’
1433 3308 1542 3368 ἑαυτοῦ
1565 3326 1636 3393 φησι
1658 3300 1813 3391 κλέψαντα
1835 3305 1927 3370 αύτθν
1941 3307 1982 3370 τοὶ
2002 3309 2067 3396 περὶ
2082 3298 2224 3404 ᾙονύδου
2241 3307 2288 3370 καὶ

457 3408 594 3499 Ὀμνίρου
620 3404 739 3501 γράψαι.
786 3408 832 3473 De
859 3408 1036 3493 impudenti
1065 3407 1117 3471 illo
1148 3405 1320 3470 lleraclidis
1347 3407 1469 3471 Pontici
1497 3406 1666 3472 simulandi
1692 3407 1856 3492 alienaque
1884 3410 2048 3492 arrogandi
2075 3411 2181 3476 studio
2209 3416 2287 3474 recte

456 3513 623 3593 iudicavit,
645 3511 834 3596 [orandique
857 3518 955 3574 artem
978 3529 1039 3594 quo
1062 3514 1184 3594 oportet
1205 3509 1332 3573 nomine
1355 3511 1474 3573 notavit
1496 3509 1619 3584 hucac,
1641 3511 1693 3593 qui
1717 3512 1748 3572 in
1772 3511 1856 3575 Lect.
1880 3512 1944 3575 Ate.
1967 3532 1997 3596 p.
2017 3511 2077 3576 150
2099 3533 2139 3576 ex
2161 3513 2287 3578 adiectis

456 3616 535 3698 illis,
558 3615 673 3699 quibus
694 3621 837 3694 ornatur,
856 3614 1016 3678 veteribus
1039 3615 1124 3676 enim
1145 3617 1193 3676 est
1213 3600 1367 3699 μυθώδης,
1390 3613 1597 3698 πλασματίας,
1619 3600 1878 3700 παραδοξολόγος,
1901 3616 2017 3677 iustam
2037 3634 2101 3679 nou
2122 3615 2214 3680 modo
2234 3613 2286 3678 ed·

458 3719 615 3782 umbravit
641 3716 698 3781 sed
725 3716 859 3782 absolvit
885 3715 977 3801 plane
1007 3717 1175 3796 imaginem
1204 3715 1486 3798 suspiciosissimae
1513 3713 1598 3778 illius
1626 3713 1809 3778 industriae.
1844 3715 1902 3796 (ef.
1924 3714 1986 3780 Cio.
2009 3715 2047 3780 de
2068 3717 2104 3780 N.
2121 3717 2160 3782 D.
2178 3720 2212 3798 l,
2231 3715 2286 3812 13.)

458 3819 708 3885 Chamaeleontis
730 3818 887 3882 accusatio
910 3817 1040 3881 fortasse
1063 3816 1165 3880 locum
1188 3815 1326 3881 hahebat
1347 3816 1381 3880 in
1404 3820 1560 3900 prooemio
1583 3817 1762 3901 scriptionis
1785 3816 1925 3881 alicuius.
1960 3817 2022 3882 Sed
2045 3839 2148 3902 neque
2168 3819 2207 3884 do
2227 3818 2286 3882 illis

456 3921 558 4008 poetis
581 3922 655 3986 solis
678 3923 826 4006 conqueri
849 3919 983 3984 debebat
1005 3918 1227 3994 Chamaeleon3
1251 3940 1324 3984 nam
1347 3938 1425 4002 qnae
1449 3919 1487 3984 de
1507 3921 1675 3984 Artemone
1698 3919 1751 3983 illo
1773 3939 1829 4004 per
1851 3920 2016 3984 mulierum
2039 3941 2154 3988 manus
2176 3925 2286 3985 iactato

457 4025 485 4089 is
501 4029 714 4104 enarraverat,
737 4023 847 4088 eedem
862 4021 1044 4086 Heraclides
1063 4021 1122 4085 sibi
1146 4021 1280 4085 adscivit
1301 4023 1361 4102 ita,
1384 4027 1419 4086 ut
1440 4022 1613 4086 iustissime
1636 4021 1674 4086 de
1697 4022 1812 4086 iniuria
1833 4023 1892 4087 sihi
1917 4024 1999 4086 lecta
2013 4022 2286 4088 Chamaeleontem

458 4132 662 4212 conquestum
685 4146 754 4191 esse
775 4125 900 4190 lonsius
923 4123 961 4188 de
984 4123 1097 4208 Script.
1113 4123 1220 4188 histor.
1236 4123 1313 4209 phil.
1325 4123 1348 4189 I.
1373 4145 1399 4188 c.
1418 4125 1456 4186 17
1480 4123 1521 4208 (p.
1538 4125 1588 4190 91.
1611 4123 1734 4190 Franhl.
1751 4145 1778 4188 a.
1797 4125 1900 4206 1609.)
1923 4125 2040 4190 dixisse
2063 4126 2218 4192 videatur.

1170 4549 1574 4560 ——n——a—n-n——n

2387 1249 2392 1492 l
