4866 6178
1267 353 1479 418 ...36-

458 537 576 630 guntur
589 563 701 610 versus
722 541 770 608 illi
791 541 876 628 apud
890 541 1094 606 Schuetaium
1115 543 1149 605 in
1163 539 1230 606 Vol.
1242 541 1279 605 V.
1301 563 1332 627 p.
1349 541 1420 604 219.
1443 537 1500 606 Νο.
1513 539 1710 623 tro-321,
1732 539 1818 626 apud
1831 538 2030 605 Dindorfium
2051 541 2088 605 in
2103 539 2201 606 Post.
2218 560 2307 606 scen.

457 645 568 732 fragm.
584 667 614 732 p.
628 645 679 710 23.
701 645 757 711 Νο.
773 645 847 728 309,
869 643 953 729 apud
970 643 1148 710 Nauchium
1168 663 1200 728 p.
1216 642 1266 709 76.
1289 663 1320 708 ιι.
1337 641 1526 707 302-304.

1148 813 1231 879 XIII.
1258 813 1373 878 Liber
1395 814 1604 878 suasorius.

608 949 700 1016 Unus
714 950 932 1017 tantummodo
948 949 1036 1015 locus
1051 951 1215 1036 reperitur,
1229 949 1285 1014 ubi
1300 949 1550 1014 ChamaeleontIs
1564 947 1646 1014 liber
1659 947 1871 1037 προτρεπτικός
1885 947 2059 1034 inscriptus
2073 947 2205 1030 legitur
2219 947 2307 1042 apud

457 1049 571 1119 Athen.
587 1053 639 1118 1v.
655 1073 686 1138 p.
700 1051 770 1119 185.
778 1073 806 1116 a.
828 1052 955 1118 Titulus
970 1051 1022 1116 ille
1037 1052 1077 1117 iis
1092 1052 1181 1118 libris
1197 1051 1319 1116 solebat
1332 1051 1504 1137 praescribi
1518 1051 1606 1116 velut
1619 1050 1818 1116 Antisthenis
1834 1051 1932 1134 (Diog.
1945 1049 2111 1116 hairtvl.
2128 1051 2161 1130 1,
2175 1049 2197 1111 2
2210 1055 2245 1112 et
2256 1048 2308 1133 9.),

456 1157 491 1220 in
513 1156 628 1240 quibus
650 1159 759 1219 auctor
774 1175 847 1220 cum
868 1155 975 1239 aliqua
996 1156 1195 1220 contentione
1219 1159 1250 1218 et
1271 1174 1377 1240 pugna
1399 1159 1508 1218 contra
1529 1153 1725 1218 adversarios
1740 1155 1890 1218 virtutem
1909 1157 1964 1216 eut
1985 1151 2142 1217 suaderet
2157 1151 2307 1216 studium

458 1257 586 1341 aliquod
608 1255 833 1340 exercendum,
860 1263 916 1322 aut
938 1256 1145 1322 dissuaderet.
1188 1255 1389 1322 Antisthenis
1417 1255 1514 1339 igitur
1535 1253 1615 1320 liber
1636 1254 1722 1320 nullo
1745 1255 1830 1320 tituli
1856 1254 1986 1320 articulo
2010 1257 2130 1320 omisso
2162 1256 2212 1318 sic
2238 1261 2308 1318 erat

456 1359 644 1445 inscriptus:
666 1361 732 1448 περὶ
754 1348 939 1434 δικαιοσύνης
961 1359 1012 1422 καί
1035 1347 1169 1446 ἀνδρείας
1189 1358 1402 1446 προτρεπτικός
1416 1365 1545 1446 πρῶτος,
1569 1347 1719 1446 δεύτερος,
1740 1357 1854 1445 τρίτος,
1876 1359 1942 1446 περὶ
1957 1346 2126 1447 Θεόγνιδος
2146 1355 2305 1446 τέταρτος,

456 1458 607 1550 ciperem
637 1460 757 1544 fuitque
779 1464 847 1526 sine
870 1461 965 1526 dubio
988 1463 1137 1526 orationis
1159 1462 1192 1524 in
1214 1459 1344 1524 modum
1366 1459 1574 1545 conscriptus.
1612 1457 1817 1524 Antisthenes
1840 1462 1925 1523 enim
1947 1459 2096 1542 Gorgiam
2120 1457 2306 1539 audiverat,

458 1562 590 1647 eiusque
613 1566 782 1646 oratorium
803 1583 980 1628 sermonem
995 1564 1030 1626 in
1045 1583 1119 1627 suos
1135 1561 1289 1644 dialogos,
1310 1561 1466 1646 imprimis
1481 1563 1514 1624 in
1528 1561 1659 1644 librum,
1682 1562 1737 1646 qui
1752 1567 1839 1626 sexto
1855 1563 1923 1626 eius
1937 1560 2140 1626 voluminum
2157 1563 2303 1625 insertus

459 1672 536 1747 erat,
549 1663 587 1730 de
595 1666 734 1730 Veritate
747 1661 912 1748 (Ἀλήθεια),
924 1671 956 1728 et
966 1667 1000 1728 in
1011 1663 1102 1754 λόγον
1113 1662 1328 1752 προτρεπτικόν
1339 1661 1553 1745 transtulerat,
1568 1666 1621 1748 qui
1633 1666 1667 1729 in
1678 1663 1852 1728 secundum
1864 1663 2011 1728 volumen
2022 1669 2180 1748 receptus
2192 1667 2305 1748 postca

458 1766 498 1831 ab
512 1767 675 1846 Athenaeo
689 1767 770 1833 XIV.
786 1787 816 1852 p.
827 1765 928 1832 656.f.
952 1765 1002 1850 (ci.
1018 1767 1098 1850 Aug.
1114 1765 1263 1830 Meinekii
1277 1766 1358 1830 Hist.
1376 1767 1443 1831 crit.
1458 1785 1489 1850 p.
1499 1765 1582 1849 317.)
1603 1772 1636 1830 et
1655 1762 1814 1830 aPclluce
1822 1765 1875 1846 VI,
1883 1765 1934 1831 98.
1950 1787 2026 1830 voce
2047 1765 2221 1855 βομβίιλιος
2235 1765 2303 1828 lau-

459 1869 551 1935 datus
567 1875 625 1934 est.
648 1868 711 1934 Sed
727 1871 852 1955 saepius
868 1867 1038 1933 incidimus
1053 1869 1087 1933 in
1102 1866 1235 1931 eandem
1250 1869 1499 1952 inscriptionem.
1521 1868 1558 1932 In
1573 1867 1697 1932 tabulas
1712 1870 1808 1949 enim,
1824 1889 1902 1951 quas
1918 1865 2003 1933 So‘tio
2019 1875 2052 1932 et
2065 1867 2250 1932 PanactIus
2265 1866 2304 1931 de

456 1971 612 2057 Aristippi
627 1970 840 2037 voluminibus
856 1970 1073 2052 coniecerunt,
1094 1971 1162 2035 eius
1176 1969 1391 2058 προτρεπτικόν
1405 1969 1472 2051 vel,
1487 1971 1529 2052 si,
1544 1969 1743 2036 Antisthenis
1757 1970 1837 2036 libro
1851 1969 2000 2052 monitus,
2013 1967 2080 2058 περὶ
2095 1972 2215 2058 ἀρετῆς
2229 1991 2303 2057 προ-

457 2073 615 2162 τρεπτικόν
629 2072 731 2156 ίοςοεο
746 2073 858 2154 mavis,
871 2071 965 2136 illum
979 2070 1094 2136 librum
1109 2073 1155 2136 sic
1169 2071 1358 2158 inscriptum
1373 2069 1572 2152 rettulerunt,
1587 2075 1640 2155 qui
1655 2071 1740 2138 Idem
1755 2072 1814 2137 alio
1829 2075 1956 2137 nomine
1971 2073 2054 2137 inter
2069 2093 2118 2154 ea,
2140 2092 2228 2156 quae
2242 2071 2302 2155 Cy·
2416 2119 2417 2142 ι

456 2176 575 2240 εοιιοίοί
588 2173 698 2239 laudat
712 2174 873 2240 volumina
885 2173 974 2258 Diog.
990 2173 1208 2256 Latrt.ll,8,6
1224 2172 1423 2257 quaerendus
1439 2179 1496 2238 est
1518 2173 1549 2238 Is
1566 2176 1666 2256 enim,
1681 2176 1737 2258 qui
1752 2194 1847 2258 quern
1861 2177 1930 2260 ipse
1945 2175 2053 2240 laudat
2066 2177 2100 2239 in
2117 2173 2303 2258 Pythagora

457 2277 578 2360 VIIII,
588 2278 639 2358 19,
653 2275 726 2342 libri
740 2278 806 2364 περὶ
821 2279 1020 2365 protolapsus
1032 2275 1150 2341 oblitus
1163 2281 1212 2339 est
1225 2278 1259 2340 in
1271 2274 1421 2359 catalogo,
1436 2281 1559 2361 septem
1572 2275 1790 2354 tantummodo
1801 2275 1911 2342 titulos
1923 2276 2051 2342 eosdem
2065 2277 2193 2362 profert
2204 2283 2300 2358 atqua
2416 2339 2417 2348 ,

459 2377 544 2444 Sotio
560 2386 592 2443 et
605 2379 791 2461 Panaetius,
811 2369 1000 2467 Ἀρτάβαζον,
1019 2375 1173 2466 Ναυαγόν,
1189 2367 1351 2468 Φογάδας,
1375 2367 1534 2467 διατριβῶν
1549 2369 1597 2460 ii,
1620 2378 1765 2463 quamvis
1781 2378 1820 2443 de
1834 2379 1875 2443 Iis
1890 2399 1966 2444 num
1981 2381 2111 2462 genuini
2127 2381 2199 2444 sint
2213 2377 2299 2443 Sosi·

459 2487 560 2546 crates
576 2481 691 2565 aliique
706 2480 867 2562 dubitent,
882 2490 987 2570 χρειῶν
1001 2479 1084 2569 τρία,
1099 2479 1170 2568 πρὸς
1184 2469 1305 2560 Λαίδα,
1320 2481 1391 2568 πρός
1405 2477 1528 2570 Πῶρον;
1550 2481 1618 2544 ficri
1633 2483 1728 2564 igitur
1742 2487 1857 2567 potest,
1871 2487 1908 2546 ut
1922 2483 2061 2566 quinque
2077 2482 2199 2564 reliqui
2214 2480 2298 2561 libri,

459 2581 637 2668 quos'Sotio
652 2589 684 2647 et
697 2583 867 2648 Panaetius
883 2588 1012 2664 norant,
1031 2584 1064 2646 in
1083 2582 1196 2647 ceteris
1211 2603 1230 2646 a
1244 2581 1383 2666 Diogene
1398 2579 1534 2647 laudatis
1550 2582 1676 2648 lateant.
1707 2583 1867 2648 Cleanthis
1882 2604 2005 2668 quoque
2019 2583 2156 2668 Diogeni
2171 2583 2298 2649 Lairtio

458 2686 532 2768 VII,
547 2685 578 2769 2,
593 2688 622 2752 7.
646 2685 767 2750 enotuit
787 2685 1015 2774 προτρεπτικός,
1038 2686 1094 2768 qui
1116 2685 1248 2749 tortasse
1271 2686 1477 2768 appositionis
1497 2684 1564 2750 loco
1580 2705 1654 2750 curn
1667 2685 1877 2771 praecedente
1891 2686 1972 2752 libro
1987 2683 2234 2770 coniungendus
2251 2689 2299 2748 est

458 2789 524 2877 περὶ
546 2786 664 2876 χάριτος
685 2785 909 2877 προτρεπτικός.
951 2786 1014 2851 Sed
1037 2786 1076 2851 de
1098 2786 1318 2872 appositionali
1340 2805 1400 2850 usu
1421 2786 1566 2852 vocabuli
1586 2787 1816 2875 προτρεπτικός,
1839 2809 1917 2853 num
1938 2790 1966 2852 is
1988 2790 2021 2852 in
2043 2789 2199 2854 omnihus
2221 2786 2298 2852 locis

458 2889 673 2956 admittendus
695 2891 752 2972 sit,
780 2887 919 2956 dubitari
939 2894 1061 2975 potest3
1084 2895 1193 2953 extant
1214 2890 1300 2952 enim
1319 2887 1397 2969 Ioci,
1420 2888 1474 2972 qui
1496 2907 1568 2953 eum
1589 2889 1759 2955 verborum
1783 2910 1902 2955 nexum
1924 2889 2108 2955 dissuadere
2131 2891 2296 2962 videntum

459 2991 516 3058 sed
537 2992 697 3058 levissima
718 2990 843 3056 medela
862 2991 887 3055 ii
907 2991 953 3055 ito
968 2989 1129 3056 emendari
1143 2997 1291 3076 possunt,
1313 2995 1349 3054 ut
1363 2991 1432 3054 sine
1448 2991 1618 3057 offensione
1632 2990 1787 3076 legantur.
1820 2992 1872 3057 Sic
1888 2992 1971 3057 inter
1986 2993 2118 3058 Monimi
2132 2992 2298 3058 volumina

459 3094 545 3180 apud
558 3094 730 3178 Diogenem
744 3093 847 3158 Laiirt.
860 3093 913 3174 VI,
928 3091 994 3175 3,3
1017 3098 1080 3156 est:
1102 3091 1236 3182 γέγραφε
1253 3080 1292 3155 ’δὲ
1313 3092 1437 3182 παίγνια
1458 3083 1575 3180 σπουδῇ
1595 3091 1742 3177 λεληθυίᾳ
1764 3093 1934 3184 μεμιγμένα
1955 3095 2006 3157 καὶ
2027 3095 2094 3182 περὶ
2117 3099 2220 3184 όρμῶν
2243 3081 2295 3155 δύο

458 3196 510 3258 καὶ
531 3195 760 3284 προτρεπτικόν,
788 3201 820 3259 et
844 3197 878 3258 in
899 3194 1027 3280 Epicuri
1049 3196 1176 3279 scriptis
1198 3193 1302 3276 (Diog.
1322 3193 1424 3262 Latrt.
1440 3193 1484 3276 X,
1506 3194 1560 3278 17)
1583 3196 1811 3285 προτρεπτικός,
1840 3199 1890 3262 cui
1911 3196 1946 3260 in
1969 3195 2108 3280 catalogo
2131 3194 2296 3283 praecedit

457 3295 698 3387 Προγνωστικόν.
733 3297 820 3362 Inter
841 3285 1020 3362 Aristotelis
1042 3295 1140 3361 libros
1163 3303 1211 3360 est
1232 3295 1317 3380 apud
1337 3295 1426 3380 Diog.
1441 3295 1543 3360 Laiirt.
1559 3297 1596 3379 V,
1613 3300 1642 3379 1,
1659 3299 1710 3381 12,
1726 3298 1776 3363 22.
1798 3299 1864 3386 περὶ
1885 3297 2056 3362 πλοότουόι
2076 3294 2294 3388 προτρεπτικός

459 3397 480 3462 ά
501 3400 588 3464 etin
609 3400 768 3483 Anonymi
789 3401 855 3464 vita
876 3398 959 3484 apud
981 3399 1159 3482 Menagium
1182 3397 1226 3480 (in
1249 3397 1410 3463 Huebneri
1427 3397 1601 3464 Comment.
1616 3400 1640 3465 I.
1663 3423 1694 3486 p.
1710 3400 1783 3482 609)
1805 3401 1871 3488 περὶ
1893 3394 2001 3488 ψυχῆς·
2021 3399 2242 3489 προτρεπτικόν
2264 3394 2292 3460 σί.

457 3501 495 3566 In
518 3501 725 3588 Theophrasti
751 3500 841 3565 libris
862 3500 1076 3590 προτρεπτικός
1098 3499 1120 3564 ά
1147 3499 1197 3564 bis
1222 3499 1349 3582 legitnr;
1376 3499 1546 3566 incidimus
1569 3503 1654 3566 enim
1676 3501 1760 3586 apud
1781 3501 1867 3585 Diog.
1884 3501 1984 3566 Latrt.
2000 3503 2039 3583 V,
2055 3501 2090 3583 2,
2112 3501 2171 3584 13,
2191 3500 2233 3564 49
2260 3498 2293 3560 in

457 3602 528 3692 πρὸς
553 3603 622 3677 τοὺς
651 3593 684 3677 ii,
705 3591 881 3691 Ἀκαδημίας
904 3599 932 3668 oi.
976 3601 1200 3692 Προτρεπτικός
1227 3601 1247 3666 d
1270 3607 1301 3666 et
1323 3600 1373 3665 50.
1395 3603 1460 3690 περὶ
1486 3591 1623 3678 παιδείας
1648 3599 1668 3674 ἢ
1695 3604 1761 3692 περὶ
1786 3605 1900 3692 ἀρετῶν
1921 3601 1941 3674 ἦ
1963 3604 2029 3691 περὶ
2051 3601 2243 3692 σωφροσύνης
2264 3598 2291 3661 ai.

457 3703 679 3795 Προτρεπτικός
701 3702 746 3786 σί,
775 3707 829 3788 qui
849 3703 1002 3770 librorum
1029 3705 1253 3790 inscriptiones
1274 3704 1479 3769 Huebnerum
1507 3704 1584 3770 adeo
1613 3704 1825 3787 offenderunt,
1854 3713 1891 3770 ut
1918 3713 2094 3770 extremum
2120 3705 2202 3771 illud
2224 3725 2292 3791 προ-

457 3806 612 3895 τρεπτικός
634 3805 655 3869 σί
676 3808 768 3872 uncis
790 3805 977 3889 secluderet,
999 3827 1060 3891 quo
1083 3827 1186 3871 errore
1209 3806 1346 3890 quodam
1360 3806 1546 3872 vocabulum
1568 3806 1648 3873 illud
1669 3808 1703 3872 in
1718 3807 1893 3890 catalogum
1908 3807 2073 3894 irrepsisse
2089 3807 2290 3891 significaret

457 3907 593 3973 Facilius
616 3908 744 3992 quidem
767 3913 851 3973 esset
872 3907 951 3973 illud
973 3909 1024 3971 καὶ
1046 3914 1102 3972 cut
1124 3906 1158 3990 ίι,
1187 3907 1270 3993 quod
1293 3914 1348 3973 aut
1369 3914 1443 3972 ante
1465 3915 1521 3973 aut
1541 3915 1614 3994 post
1634 3909 1848 3998 προτρεπτικός
1869 3908 2060 3974 vocabulum
2081 3912 2223 3994 positum
2244 3909 2290 3968 est

460 4009 578 4091 delere,
610 4030 670 4094 quo
693 4031 732 4074 ex
758 4010 966 4096 praecedente
988 4009 1080 4074 titulo
1103 4013 1260 4074 suasoriae
1283 4011 1463 4095 scriptionis
1486 4015 1706 4094 argumentum
1727 4014 1949 4095 assequereris.
1994 4010 2176 4094 relegitur
2198 4010 2288 4074 etiam

457 4113 667 4201 προτρεπτικοί
688 4115 721 4177 in
743 4111 858 4198 plurali
879 4133 1019 4178 numero.
1052 4111 1105 4176 Sic
1128 4114 1162 4175 in
1184 4115 1384 4196 quaestione,
1406 4133 1482 4178 num
1496 4116 1597 4178 virtus
1620 4112 1725 4178 doceri
1748 4116 1865 4198 possit,
1886 4113 2074 4179 Posidonius
2095 4111 2287 4178 laudaturin

457 4225 681 4302 προτρεπτικοῖς
702 4214 801 4298 (Πίος.
817 4215 919 4280 Ιιοὲιί.
935 4215 1002 4296 VII,
1019 4215 1049 4297 1,
1064 4212 1127 4297 54),
1149 4216 1183 4278 in
1204 4234 1297 4298 quem
1321 4214 1436 4279 librum
1457 4217 1573 4278 iterum
1596 4217 1724 4300 respicit
1738 4214 1881 4280 Laertius
1904 4215 1922 4300 ξ
1939 4215 1989 4282 66.
2024 4215 2144 4293 Quibus
2166 4217 2199 4280 in
2213 4211 2286 4276 locis

458 4321 564 4380 όιιιιισο
586 4315 718 4402 pluralis
740 4337 890 4381 numerus
910 4319 1013 4380 minus
1029 4315 1173 4397 offendit,
1196 4336 1291 4400 quam
1305 4317 1389 4381 inter
1403 4317 1530 4382 Perseai
1544 4316 1720 4400 volumina,
1742 4321 1796 4402 qui
1811 4318 1895 4403 apud
1911 4319 1999 4401 Diog.
2011 4319 2112 4383 Lairt.
2126 4318 2194 4396 VII,
2208 4317 2236 4396 1,
2247 4311 2283 4376 31

457 4417 603 4500 leguntur
623 4418 840 4506 προτρεπτικοί.
874 4417 1007 4483 Pluralis
1029 4417 1082 4483 ille
1105 4439 1270 4501 numerus,
1292 4421 1346 4503 qui
1367 4427 1495 4506 propter
1515 4419 1648 4484 tacitum
1674 4419 1826 4486 librorum
1855 4440 2023 4484 numerum
2050 4419 2170 4503 aliquId
2191 4417 2283 4482 offen-

458 4521 556 4584 oIonis
577 4519 691 4602 hab'et,
718 4519 851 4584 fortasse
873 4520 906 4584 in
930 4522 1092 4585 universos
1113 4521 1210 4586 libros
1232 4520 1458 4607 praecedentes
1480 4527 1534 4585 aut
1555 4527 1640 4586 certe
1663 4525 1697 4586 in
1720 4527 1875 4587 extremos
1898 4521 2080 4587 referendus
2103 4529 2153 4586 est
2173 4523 2231 4600 ita,
2251 4518 2284 4578 ul

457 4625 580 4686 mutata
601 4623 854 4708 interpunctione
875 4621 1009 4706 legetur:
1031 4623 1276 4710 replicabatur,
1298 4623 1437 4686 πολιτεία
1451 4621 1634 4704 Λακωνικὴ,
1656 4625 1722 4712 περὶ
1744 4622 1860 4713 γάμου,
1882 4626 1947 4713 περὶ
1968 4625 2118 4706 ἀσεβείας,
2142 4620 2280 4694 Θυέστης,

458 4723 523 4812 περὶ
552 4722 670 4812 ἐρώτων
691 4725 907 4814 προτρεπτικοί
949 4723 1030 4788 Aliis
1059 4723 1136 4789 locis
1158 4724 1290 4810 pluralis
1311 4746 1464 4790 numerus
1486 4747 1559 4790 cum
1579 4724 1734 4791 librorum
1754 4747 1884 4790 numero
1907 4728 2122 4810 coniungitur,
2149 4732 2185 4791 ut
2205 4725 2281 4787 inter

457 4826 616 4890 Aristonis
639 4825 709 4890 Chii
730 4826 827 4892 libros
848 4835 1072 4915 προτρεπτικῶν
1093 4823 1119 4910 β’
1140 4833 1189 4891 est
1210 4827 1294 4912 apud
1308 4829 1396 4912 Diog.
1412 4827 1505 4892 Lairt
1520 4828 1587 4910 VII,
1603 4827 1634 4910 2,
1649 4830 1678 4893 7.

610 4929 714 5006 Quum
729 4927 978 4994 Chamaeleontis
1001 4927 1080 4994 liber
1096 4931 1255 4996 suasorius
1278 4933 1377 5013 egerit
1399 4929 1437 4994 de
1452 4932 1589 5012 musica,
1610 4930 1743 4995 inscribi
1757 4931 1861 5016 potnit
1874 4931 1940 5018 περὶ
1956 4917 2097 5020 μουσικῆς
2110 4945 2279 5019 προτρεπτι-

458 5031 517 5106 κός.
560 5030 645 5096 Num
672 5033 718 5096 sic
744 5033 916 5116 iuscriptns
938 5031 1048 5113 luerit,
1076 5032 1181 5095 evinci
1203 5037 1328 5115 nequit3
1357 5033 1403 5096 ita
1424 5038 1531 5097 tamen
1552 5035 1706 5097 musicam
1728 5035 1877 5098 tractavit
1899 5032 2123 5114 Chamaeleon,
2150 5038 2185 5096 ut
2206 5041 2277 5110 quat

457 5135 597 5198 musicae
619 5132 740 5199 inesset
754 5135 802 5198 vis
823 5133 856 5198 in
878 5132 1043 5197 hominum
1056 5137 1181 5198 mentes
1196 5139 1227 5198 et
1240 5153 1343 5198 mores
1359 5137 1556 5218 anquireret,
1579 5141 1620 5217 et,
1643 5155 1740 5219 quum
1754 5137 1930 5200 invenisset
1944 5155 2014 5200 eam
2028 5137 2197 5200 maximam
2213 5143 2276 5192 esst
