4866 6178
1303 399 1514 464 -24-
2392 383 2393 448 ί

490 589 529 655 Α.
553 587 592 653 (1ο
615 587 647 652 S.
670 609 701 652 n.
723 607 753 650 ν.
776 608 806 672 p.
830 577 902 651 555.
925 587 945 650 I.
970 587 1008 651 de
1032 585 1150 652 Oudon.
1173 609 1205 672 p.
1220 585 1293 651 525.
1316 607 1344 650 a.
1368 587 1418 651 dn
1441 585 1516 652 Seni
1539 608 1566 652 ο.
1589 609 1619 672 p.
1644 587 1714 654 186.
1738 587 1773 653 B.
1797 586 1836 652 do
1859 587 1962 654 NobiI.
1984 587 2094 654 XVIII.
2112 586 2263 674 Sympos.
2278 588 2327 654 III.

490 691 577 771 init..
599 711 618 754 a
639 689 774 754 Stobaeo
795 690 829 752 in
851 687 951 754 Serm.
974 687 1011 754 X.
1031 689 1082 754 39.
1099 689 1150 754 62.
1172 689 1212 771 Π,
1227 688 1279 752 42.
1302 687 1405 754 8ο1ιο1.
1428 688 1524 753 Arist.
1546 689 1620 755 Pao.
1637 687 1687 754 68.
1711 688 1840 755 Theoor.
1863 688 1909 755 id.
1925 687 2011 770 XVI,
2026 689 2063 771 5,
2086 696 2118 754 et
2137 691 2175 754 In
2191 691 2330 773 Argum,

491 793 683 858 acioerona
709 791 748 856 do
769 791 807 855 N.
829 790 868 855 D.
892 792 926 866 1,
949 791 1000 856 22.
2392 799 2393 844 ι

642 893 700 957 His
724 891 976 958 Chamaeleontis
999 892 1139 976 reliquiis
1162 891 1308 958 addenda
1330 898 1420 972 sunt,
1442 911 1523 976 quae
1546 899 1674 957 exstant
1694 893 1778 979 apud
1799 891 1915 958 Athen.
1938 892 2020 958 XIII.
2042 915 2073 978 p.
2097 894 2171 958 611.
2196 914 2227 956 a.
2258 893 2328 956 εἰκό-

489 1019 549 1070 τως
571 987 622 1058 οὐν
643 995 756 1058 πολλαὶ
777 1001 840 1056 τῶν
860 995 979 1058 πόλεων
1001 995 1052 1058 καὶ
1074 993 1207 1084 μάλιστα
1228 999 1248 1066 η
1270 982 1539 1083 Λακεδαιμονίων,
1562 999 1602 1070 ὡς
1623 992 1809 1083 Χαμαιλέων
1831 995 1919 1083 φησίν
1941 995 2038 1077 ἐντῷ
2059 995 2125 1084 περί
2147 984 2327 1084 Σιμωνίδου,

490 1101 525 1161 οὐ
546 1097 716 1184 προσίενται
738 1096 809 1161 ούτε
832 1096 987 1185 ῥητορικὴν
1010 1096 1080 1160 οὐτε
1102 1097 1279 1186 φιλοσοφίαν
1302 1085 1353 1159 διά
1374 1095 1428 1170 τάς
1450 1097 1481 1160 έν
1502 1107 1566 1170 τοῖς
1587 1095 1687 1185 λόγοις
1709 1101 1793 1185 ὐμῶν
1815 1097 1985 1185 φιλοτιμίας
2007 1099 2058 1161 καί
2081 1084 2181 1185 ἐριδας
2197 1097 2328 1170 καὶτοὺς

490 1200 629 1288 ἀκαίρως
658 1197 806 1288 ἐλέγχους
849 1196 967 1264 Eadem
995 1197 1035 1262 do
1062 1197 1318 1264 Lacedaemoniis
1347 1219 1443 1282 quum
1469 1199 1523 1264 alii
1551 1198 1759 1264 observarunt
1784 1203 1853 1262 tnm
1881 1197 1994 1264 Sextus
2023 1199 2205 1284 Empiricos
2239 1219 2326 1282 argu·
2392 1201 2393 1216 ¹

489 1302 607 1373 mentis
633 1300 778 1386 probavit
804 1303 838 1365 io
859 1299 939 1366 libro
961 1300 1032 1388 πρός
1055 1303 1118 1386 ρἠτ.
1143 1321 1169 1366 ο.
1192 1301 1234 1366 20
1256 1321 1303 1385 sq.
1332 1299 1455 1365 Bekker
1476 1321 1507 1386 p.
1531 1301 1593 1364 619
1616 1321 1679 1384 sq.;
1713 1300 1770 1364 sed
1799 1298 2035 1365 Chamaeleonti
2062 1303 2134 1386 ipsa
2155 1299 2326 1365 SimonIdis
2392 1337 2393 1372 ι

491 1405 632 1468 οειιιιίιιε
660 1423 730 1468 eam
759 1402 798 1467 do
827 1401 1144 1468 Lacedaemoniorum
1173 1403 1313 1467 moribus
1342 1401 1516 1466 attulerunt
1544 1403 1770 1486 quaestionem.
1816 1401 1914 1466 Multa
1944 1405 2030 1467 enim
2055 1402 2139 1468 inter
2167 1423 2208 1466 ea
2234 1403 2325 1466 inissa

490 1511 628 1587 constat,
661 1526 741 1589 qnae
768 1508 835 1569 sivo
864 1504 902 1569 do
929 1504 1247 1570 Laoedaemoniornm
1275 1503 1370 1568 rebus
1398 1511 1545 1587 egerunt,
1579 1525 1657 1588 quas
1679 1507 1712 1568 In
1740 1505 1853 1588 pugnis
1876 1510 1985 1569 eontra
2005 1505 2119 1570 Perses
2140 1504 2325 1588 gessissent,

490 1610 556 1672 sivo
578 1610 662 1672 viros
685 1605 837 1691 quosdam
859 1605 1031 1693 Spartanos
1053 1607 1255 1672 oolebmrunt
1282 1606 1334 1670 vel
1356 1608 1389 1670 in
1411 1606 1538 1691 proeliis
1563 1612 1702 1671 mortuos
1724 1605 1774 1670 veI
1797 1605 1984 1670 etiamtum
2006 1607 2110 1689 vivos,
2133 1605 2324 1691 quibusoam

489 1709 576 1774 velut
597 1731 671 1774 oum
691 1710 850 1774 Pausania
870 1728 942 1792 rege
965 1708 1119 1774 IIdIasima
1140 1709 1280 1774 amicitia
1302 1709 1488 1772 coniunctus
1510 1713 1578 1772 erat
1599 1705 1787 1773 SImonides.
1825 1707 1870 1774 CI.
1893 1707 1996 1794 Epigr.
2014 1707 2084 1772 198.
2106 1707 2305 1774 SohneIdew.

715 2039 716 2044 γ
1212 1947 1294 2012 VIII.
1338 1946 1391 2012 De
1417 1945 1593 2012 Pindaro.

640 2115 757 2182 Athon.
780 2116 862 2182 XIII.
887 2138 917 2202 p.
941 2115 1012 2181 573.
1037 2139 1063 2182 ο.
1097 2115 1235 2206 Νόμιμόν
1258 2117 1338 2181 ἐστιν
1359 2119 1482 2206 ἀρχαῖον
1505 2118 1535 2181 έν
1557 2113 1710 2206 Κορίνθῳ,
1734 2120 1773 2190 ὡς
1795 2117 1846 2179 καί
1868 2113 2053 2204 Χαμαιλέων
2076 2119 2092 2180 ύ
2111 2113 2321 2204 Ἡρακλεώτης

488 2224 600 2307 ἱστορεῖ
620 2219 651 2282 ἑν
671 2228 718 2300 τῷ
739 2220 805 2306 περὶ
820 2207 987 2306 Πινδάρου,
1010 2218 1083 2282 ὅταν
1106 2223 1125 2290 τί
1147 2219 1232 2294 πόλις
1254 2219 1378 2308 εὔχηται
1399 2219 1466 2308 περὶ
1488 2217 1630 2308 μεγάλων
1652 2227 1692 2302 τῇ
1706 2207 1875 2306 Ἀφροδίτῃ,
1891 2217 2244 2307 συμπαραλαμβάνεσθαι
2257 2218 2321 2306 πρός

487 2321 544 2392 τίν
566 2321 695 2384 ἱκετείαν
717 2320 772 2394 τάς
795 2321 912 2408 ἑταίρας
934 2324 974 2394 ὡς
994 2321 1139 2395 πλείστας
1166 2322 1217 2384 καὶ
1243 2320 1357 2396 ταύτας
1382 2317 1596 2411 προσεύχεσθαι
1622 2331 1663 2404 τῇ
1685 2317 1745 2403 θεῷ
1767 2321 1823 2386 ,καὶ
1845 2320 1966 2408 ύστερον
1989 2320 2037 2384 ἐπὶ
2057 2329 2121 2394 τοῖς
2143 2324 2233 2410 ίεροῒς
2253 2341 2320 2407 παρ-

488 2433 575 2486 εῖναι·
598 2422 650 2485 καί
671 2421 723 2484 ὅτε
746 2409 785 2492 δὴ
808 2423 856 2486 ἐπὶ
876 2422 933 2492 τὴν
954 2411 1091 2486 Ἑλλάδα
1112 2423 1168 2493 τήν
1190 2422 1350 2510 στρατείαν
1372 2417 1445 2512 ἦγεν
1467 2427 1483 2486 ό
1505 2420 1637 2512 Πέρσης,
1661 2427 1701 2496 ὡς
1722 2423 1774 2485 καὶ
1795 2421 1977 2511 Θεόπομπος
1999 2425 2110 2510 ίστορεῐ
2130 2423 2185 2486 καί
2201 2420 2320 2510 Τίμαιος

488 2525 520 2588 ἑν
540 2535 581 2608 τῇ
603 2513 733 2612 ἐβδόμῃ,
761 2527 791 2586 αί
812 2520 966 2613 Κορίνθιαι
988 2528 1102 2612 ἑταῖραι
1125 2515 1254 2598 ηὔξαντο
1277 2523 1349 2612 ὑπὲρ
1369 2534 1424 2599 της
1445 2534 1507 2588 τῶν
1527 2521 1680 2595 Ἐλλήνων
1702 2525 1849 2612 σωτηρίας
1871 2528 1912 2598 είς
1932 2523 1986 2586 τόν
2006 2533 2061 2599 τός
2081 2514 2255 2613 Ἀφροδίτης
2276 2525 2319 2586 et-

489 2623 593 2690 θοῦσαι
614 2626 695 2690 νεών·
719 2614 765 2689 διό
788 2627 840 2690 καί
861 2616 1028 2714 Σιμωνίδης
1050 2623 1220 2690 ἀναθέντων
1241 2635 1303 2689 τῶν
1324 2623 1489 2716 Κορινθίων
1510 2627 1621 2690 πίνακα
1642 2636 1682 2710 τη
1704 2623 1763 2706 θεῷ
1784 2625 1837 2688 τόν
1860 2630 1905 2688 ἑτι
1926 2627 1977 2688 καὶ
1999 2634 2050 2688 νῦν
2072 2613 2258 2716 διαμένοντα
2274 2625 2319 2687 καί

487 2727 543 2802 τάς
564 2727 681 2816 ἑταίρας
703 2716 764 2811 ἰδίᾳ
784 2722 966 2818 γραψάντων
986 2727 1041 2802 τάς
1062 2728 1134 2792 τότε
1155 2725 1357 2816 ποιησαμένας
1383 2729 1439 2799 την
1466 2729 1596 2792 ἱκετείαν
1622 2729 1672 2791 καὶ
1700 2726 1822 2815 ύστερον
1843 2726 1993 2815 παρούσας
2020 2725 2166 2800 συνέθηκε
2194 2716 2317 2790 τόδετὸ

488 2830 537 2894 έτί
560 2852 597 2918 ρα

538 2853 559 2920 γ
597 2853 664 2920 μμ
966 2920 1034 2995 Ἀίδ
1056 2931 1128 3022 ὑπὲρ
1150 2929 1305 2996 Ἑλλάνων
1325 2954 1360 2995 τε
1382 2933 1434 2996 καί
1456 2929 1631 3021 εὐθυμάχων
1652 2935 1800 3002 πολιητᾶν
1834 2927 1837 2936 ’

1046 3033 1176 3098 ἕστασαν
1198 3033 1355 3124 εὐχόμεναι
1376 3023 1507 3122 Κύπριδι
1530 3022 1682 3122 δαιμονίᾳ·

944 3132 1016 3198 .οὐ
1037 3135 1095 3226 γάρ
1117 3127 1319 3225 τοξοφόροισιν
1342 3135 1476 3224 ἐμήσατο
1499 3124 1537 3200 δι’
1557 3124 1714 3225 Ἀφροδίτα

1047 3225 1165 3311 Μήδοις
1186 3234 1341 3300 Ἑλλάνων
1363 3237 1524 3326 ἀκρόπολιν
1548 3227 1707 3326 προδόμεν.

487 3335 550 3402 Καὶ
580 3342 607 3400 οί
636 3326 753 3403 ἰδιῶται
783 3328 818 3403 δὲ
846 3339 1044 3428 κατεύχονται
1072 3348 1113 3424 τῇ
1141 3336 1216 3422 θεῷ,
1245 3335 1448 3403 τελεσθέντων
1476 3341 1541 3429 περὶ
1571 3333 1612 3402 ὧν
1633 3337 1670 3403 ἂν
1696 3349 1841 3403 ποιῶνται
1866 3340 1922 3410 τὴν
1949 3328 2065 3420 δέησιν,
2094 3330 2222 3414 ἀπάξειν
2243 3339 2315 3416 αὐτῇ

486 3439 602 3514 τακτὰς
624 3440 751 3528 ἑταίρας.
796 3437 995 3530 Ὑπάρχοντος
1022 3434 1074 3506 οὐν
1099 3450 1155 3504 τοῦ
1182 3441 1321 3505 τοιούτου
1349 3441 1475 3531 νομίμου
1502 3443 1568 3529 περὶ
1594 3441 1650 3513 τίιν
1678 3438 1745 3504 θεόν
1771 3437 1916 3530 Ξενοφῶν
1943 3445 1959 3504 ό
1985 3438 2141 3529 Κορίνθιος
2169 3432 2255 3516 ἐξιὼν
2280 3441 2315 3507 εἰς

488 3538 659 3631 Ὀλυμπίαν
682 3543 730 3606 ἐπὶ
750 3543 803 3606 τόν
826 3545 931 3632 άγῶνα
953 3544 1004 3607 καὶ
1027 3542 1116 3618 αύτύς
1139 3533 1263 3617 ἀπάξειν
1276 3535 1404 3632 ’ἑταίρας
1425 3534 1539 3617 ηὔξατο
1561 3553 1602 3626 τῇ
1623 3540 1684 3625 θεῷ
1703 3543 1831 3618 νικήσας.
1869 3532 2018 3631 Πίνδαρός
2031 3565 2066 3608 τε
2079 3543 2116 3608 τό
2132 3542 2190 3632 μίν
2203 3549 2313 3630 πρῶτον

488 3641 613 3733 έγραψεν
636 3649 676 3719 είς
698 3644 789 3708 αὐτόν
811 3645 960 3735 ἐγκώμιον
983 3639 1018 3708 οὐ
1040 3650 1059 3716 η
1082 3645 1159 3733 άρχίι
1181 3644 1320 3730 (Olymp.
1343 3643 1437 3728 XIII.)

1096 3743 1125 3808 Τ
1126 3748 1385 3835 ρισολυμπιονίκαν
1408 3745 1553 3812 ἐπαινέων
1574 3745 1664 3812 οἷκον·

486 3847 608 3937 ,ὐστερον
630 3837 665 3912 δὲ
687 3848 738 3912 καὶ
761 3848 880 3912 σκόλιον
901 3849 937 3912 τό
958 3849 1040 3937 παρά
1065 3849 1121 3919 την
1150 3846 1251 3912 θυσίαν
1273 3846 1377 3932 ᾀσθὲν,
1411 3850 1443 3912 έν
1471 3843 1495 3932 ᾧ
1517 3850 1572 3920 τίιν
1599 3849 1692 3938 ἀρχάν
1714 3847 1822 3924 εὐθέως
1843 3850 2002 3920 πεποίηται
2023 3848 2094 3938 πρός
2115 3849 2172 3926 τὰς
2194 3847 2309 3934 ἑταίρας,

487 3955 521 4014 et
539 3948 783 4041 παραγενομένου
804 3960 859 4014 τοῦ
882 3946 1079 4039 Ξενοφῶντος
1101 3951 1152 4014 καὶ
1174 3947 1297 4025 θύοντος
1316 3961 1357 4034 τῇ
1378 3940 1532 4039 Ἀφροδίτη
1555 3949 1723 4016 συνέθυσαν
1747 3940 1847 4040 διόπερ
1870 3957 1936 4040 ἑφη·
1959 3951 2104 4035 (Boeokh.
2122 3953 2161 4017 Ir.
2174 3950 2224 4017 81.
2247 3963 2308 4032 ptg·

487 4051 558 4119 609.
581 4052 701 4136 Bergk..
717 4052 765 4118 ed.
791 4054 819 4117 1.
841 4051 893 4116 88.
914 4073 984 4139 pag.
1008 4051 1092 4134 246.)
1650 4053 1658 4060 “

937 4150 1107 4244 ὦΚύπρου
1130 4143 1286 4236 δέσποινα,
1308 4155 1378 4220 τεόν
1401 4144 1479 4218 δεῦτ’
1502 4156 1531 4230 ές
1553 4153 1643 4230 ἄλσος

935 4245 1092 4346 φορβάδων
1114 4265 1205 4346 κορᾶν
1227 4255 1342 4346 ἀγέλαν
1364 4257 1561 4346 ἑκατόγγυιον
1582 4245 1727 4345 Ξενοφῶν
1747 4256 1865 4332 τελέαις

935 4355 1065 4448 ἐπάγαγ
1086 4361 1231 4447 εὐχωλαῖς
1252 4355 1368 4432 ἰανθείς.

486 4450 598 4548 ἤρξατο
621 4449 647 4523 δ’
669 4460 764 4536 οὐτως
784 4471 839 4525 τοῦ
862 4459 971 4551 μέλους
992 4459 1119 4544 (Bergk.
1143 4459 1192 4526 ed.
1218 4462 1245 4526 1.
1268 4483 1299 4546 p.
1323 4460 1406 4543 244.)

342 4569 345 4574 ’
685 4573 695 4591 ’
933 4554 1104 4637 Πολύξεναι
1126 4550 1271 4644 νεάνιδες,
1294 4562 1461 4651 ἀμφίπολοι

934 4661 1063 4738 Πειθοῦς
1083 4666 1115 4728 ἑν
1137 4666 1248 4753 ἀφνειῷ
1269 4661 1423 4752 Κορίνθῳ,

934 4768 999 4831 αἵτε
1021 4775 1075 4841 τάς
1096 4769 1213 4855 χλωροῖς
1233 4767 1355 4849 λιβάνου
1378 4757 1472 4840 ξανθά
1494 4755 1590 4855 δάκρη

935 4867 1076 4958 θυμιᾶτε,
1097 4867 1232 4932 πολλάκι
1255 4865 1357 4958 ματέρ’
1379 4869 1499 4955 ίρώτων
1520 4865 1628 4957 οὐράνι’
1650 4869 1845 4958 άμπτάμεναι

934 4971 1031 5061 νόημα
1052 4969 1167 5034 ποττὰν
1188 4958 1374 5059 Ἀφροδίταν,

934 5070 1018 5162 ’Υμῒν
1040 5069 1137 5136 ἄνευθ’
1160 5071 1325 5161 άπαγορίας
1347 5077 1464 5160 ἔπορεν,

935 5170 959 5238 ὦ
980 5164 1097 5254 παῖδες,
1121 5175 1281 5261 ἐρατειναῖς
1303 5176 1334 5238 έν
1356 5178 1453 5249 εὐναῖς
