4866 6178
1284 367 1472 430 ,6-

465 552 583 636 ignari,
611 551 704 616 altius
726 555 759 616 in
782 573 889 616 eorum
910 557 1009 616 artem
1032 557 1064 616 et
1085 551 1217 617 consilia
1238 571 1275 617 eo
1297 559 1462 638 penetrare
1483 553 1661 636 studerent,
1690 559 1725 618 ut
1746 573 1826 638 quae
1849 554 2004 638 quomodo
2027 556 2230 641 scripsissent
2252 577 2295 620 ex

467 675 575 720 eorum
601 657 667 720 vita
692 653 929 737 studiorumque
956 656 1075 718 ratione
1097 653 1299 739 explicarent
1342 655 1420 720 Earn
1449 655 1489 720 ob
1512 675 1655 720 caussam
1676 656 1894 741 Peripatetici,
1920 659 1975 740 qui
2000 656 2151 722 historica
2171 661 2293 722 ratione

466 777 612 822 enarrare
634 761 741 842 poetas
762 762 795 838 et
818 753 857 820 de
879 775 986 820 eorum
1008 763 1090 838 arte,
1112 777 1172 840 quo
1193 756 1286 822 modo
1307 756 1471 841 paullatim
1492 763 1735 848 mutataesset,
1757 758 1869 822 docere
1891 757 2026 842 vehent,
2049 766 2081 822 et
2103 759 2292 826 didascalice

466 880 505 922 ex
533 859 691 943 lapidibus
721 857 915 941 collegerunt
944 865 976 922 et
1004 863 1167 943 poetarum
1188 859 1270 922 vitas
1299 858 1388 924 libris
1418 861 1483 922 suis
1511 859 1789 944 persequebantur.
1834 861 1903 937 Qua
1927 867 2033 924 muron
2061 845 2093 926 in
2116 883 2166 944 re,
2193 883 2293 946 quum

466 981 557 1045 saepe
578 961 666 1045 parci
686 960 905 1024 tantummodo
927 981 966 1023 ex
987 961 1128 1024 fontibus
1142 966 1307 1024 manarent
1328 961 1447 1056 nuntii,
1470 961 1667 1052 coniectandi
1688 957 1755 1024 arte
1770 961 1941 1026 utebantur
1962 961 2103 1028 historici
2120 963 2167 1028 illi
2188 963 2292 1050 pbilo-
2415 1035 2416 1050 ,

464 1062 555 1148 sophi
576 1065 631 1144 ita,
653 1063 738 1126 utin
755 1067 918 1147 potiturum
933 1063 1125 1128 carminibus
1147 1061 1225 1146 ipsis
1247 1062 1366 1127 indicia
1380 1061 1419 1126 de
1441 1063 1536 1154 rebus
1553 1083 1662 1127 eorum
1676 1083 1824 1148 expressa
1845 1064 1906 1128 sibi
1928 1065 2292 1148 iuvenisseviderentur,

464 1185 544 1248 quae
570 1171 679 1228 tamen
707 1171 793 1228 certa
818 1163 880 1228 lide
907 1163 992 1228 haud
1018 1185 1087 1228 raro
1116 1165 1274 1229 carebant.
1317 1163 1432 1230 Multos
1459 1165 1533 1229 inde
1562 1185 1680 1230 errores
1709 1173 1832 1230 exortos
1855 1169 1886 1228 et
1907 1167 1941 1230 in
1962 1164 2138 1231 litterarum
2160 1167 2293 1232 historia

464 1286 533 1331 ease
549 1273 733 1351 propagatos
750 1285 841 1331 nemo
856 1267 967 1330 nescit.
996 1265 1076 1329 Nam
1088 1286 1217 1346 eorum,
1240 1286 1320 1349 quae
1336 1274 1534 1352 repererunt,
1556 1267 1641 1332 haud
1657 1269 1768 1350 exigua
1782 1287 1870 1352 pars,
1891 1289 1911 1331 a
1926 1271 2138 1350 grammaticis
2153 1277 2291 1354 recepta,

463 1372 497 1432 in
519 1367 635 1434 scholis
657 1368 840 1432 tradebatur
862 1367 1043 1452 discipulis,
1071 1369 1125 1452 qui
1147 1387 1227 1450 quae
1249 1377 1432 1452 praesentes
1454 1389 1473 1431 a
1494 1371 1651 1452 magistris
1678 1368 1859 1450 audierant,
1885 1371 1918 1434 in
1941 1371 2068 1456 σχολικὰ
2088 1371 2292 1460 ὑπομνήματα

464 1471 706 1553 consignabant,
732 1470 816 1534 unde
843 1473 930 1534 traria
957 1469 1028 1534 labe
1056 1471 1283 1550 contaminata,
1311 1469 1483 1556 discerpta,
1512 1471 1655 1551 conlusa,
1683 1491 1764 1554 quae
1792 1470 1885 1536 docta
1912 1477 1944 1536 et
1973 1471 2091 1537 dictata
2113 1480 2233 1553 essent,
2254 1475 2291 1537 in

462 1573 596 1654 scholia,
626 1572 731 1656 qualia
757 1572 859 1638 adhuc
889 1577 1013 1652 extant,
1039 1574 1242 1636 transierunt.
1286 1573 1396 1637 Altera
1420 1592 1508 1656 pars,
1538 1592 1618 1655 qnae
1644 1580 1771 1658 propter
1795 1573 1878 1637 sales
1905 1579 1937 1638 et
1962 1573 2092 1639 facetias
2113 1574 2291 1640 litterarum

463 1677 592 1740 curiosis
613 1677 728 1739 mirum
749 1676 781 1738 in
804 1674 934 1739 modum
955 1672 1115 1758 placebat,
1137 1677 1171 1738 in
1191 1673 1288 1739 libros
1312 1673 1552 1758 congerebatur,
1579 1694 1656 1758 quos
1679 1675 1717 1739 dc
1739 1674 1848 1740 multis
1874 1674 2048 1740 multorum
2073 1677 2174 1741 facete
2196 1677 2290 1741 dictis

462 1783 705 1862 composuerunt
719 1797 758 1842 ex
772 1775 1030 1862 philosophorum
1046 1783 1077 1840 et
1091 1776 1366 1859 grammaticorum
1381 1779 1613 1842 commentariis
1634 1777 1776 1842 homines
1800 1777 1929 1861 quidam
1949 1777 2088 1844 litterati.
2119 1777 2292 1843 Scatabant

463 1883 547 1945 enim
569 1877 812 1968 ἀποφθεγμάτων
834 1899 914 1960 quae
936 1884 1088 1942 vocantur
1109 1877 1181 1942 libri
1203 1877 1461 1960 narratiunculis,
1495 1899 1573 1962 quas
1601 1877 1811 1962 undecunque
1837 1878 2002 1964 decerptas
2029 1882 2114 1944 omni
2135 1879 2196 1944 lide
2219 1880 2290 1946 ideo

463 1985 600 2048 caruisse
627 1982 777 2060 arbitror,
808 2000 906 2064 quum
932 1979 982 2044 vel
1011 2000 1157 2064 perverse
1187 1979 1368 2044 intellectae
1389 1979 1440 2044 vel
1469 1979 1564 2044 nullis
1593 1983 1787 2063 argumentis
1817 1981 1958 2046 firmatae
1987 1988 2044 2046 aut
2071 1983 2220 2066 probatae
2250 2003 2289 2046 ex

461 2087 566 2150 nescio
590 2103 723 2168 quarum
745 2102 849 2146 rerum
866 2087 1014 2146 contextu
1036 2083 1196 2150 abscissae
1219 2088 1251 2146 et
1272 2081 1398 2146 evulsae
1415 2082 1589 2148 videantur.
1622 2082 1703 2146 Nam
1724 2082 2043 2148 insolentissimarum
2062 2105 2168 2148 rerum
2189 2085 2289 2148 farra·

460 2189 564 2270 ginem
590 2187 751 2268 nugatorio
780 2183 915 2268 quodam
943 2184 1046 2250 studio
1076 2186 1144 2248 sine
1166 2184 1229 2248 ullo
1257 2206 1314 2249 suo
1338 2190 1444 2248 sumtu
1472 2191 1566 2268 atque
1592 2186 1715 2267 negotio
1742 2184 1941 2250 venabantur
1968 2184 2112 2250 homines
2134 2187 2202 2250 sine
2223 2185 2290 2250 ulla

461 2290 542 2354 bona
563 2293 646 2368 arte,
674 2289 742 2352 sine
764 2288 905 2368 ingenio,
933 2288 1001 2350 siue
1029 2286 1199 2369 elegantia,
1224 2293 1262 2351 ut
1288 2307 1396 2352 eorum
1418 2288 1472 2370 qui
1498 2285 1639 2369 legerent
1665 2289 1765 2350 otium
1791 2287 1935 2352 futilibus
1963 2290 2029 2352 suis
2057 2288 2289 2354 narrationibus

459 2395 615 2474 nugisque
637 2388 791 2452 fallerent
829 2381 942 2473 Neque
965 2391 1049 2453 enim
1071 2389 1104 2454 id
1127 2389 1327 2473 spectabant,
1348 2396 1385 2454 ut
1405 2409 1461 2472 pro
1483 2388 1567 2453 virili
1589 2409 1647 2453 sua
1667 2395 1756 2473 parte
1782 2388 1904 2453 litteras
1927 2389 2071 2473 religiosa
2093 2389 2287 2455 adiuvarent

461 2493 549 2571 Quod
572 2491 737 2556 consilium
758 2493 786 2554 si
807 2496 914 2555 tarum
936 2511 989 2556 eos
1004 2497 1130 2555 secutos
1153 2511 1222 2555 esse
1242 2490 1407 2556 malueris:
1432 2490 1470 2555 de
1486 2489 1754 2556 nobilissimorum
1777 2493 1975 2574 ingeniorum
1996 2490 2112 2557 honore
2128 2512 2193 2573 eoa,
2215 2495 2287 2576 quia

460 2617 499 2659 ex
520 2594 699 2660 adversaria
720 2592 828 2658 schola
847 2593 1052 2678 prodiissent,
1074 2593 1113 2658 ob
1136 2614 1267 2678 pravum
1289 2613 1363 2657 suae
1386 2600 1491 2660 sectae
1513 2593 1654 2657 studium
1677 2593 1850 2658 detraxisse
1871 2599 1963 2678 putes
1984 2613 2114 2659 necesse
2136 2595 2204 2660 erit.
2243 2595 2285 2660 Er

461 2696 613 2762 eiusmodi
629 2698 861 2762 commentariis
877 2715 929 2760 eoa
951 2696 1175 2779 antiquitatum
1186 2697 1346 2777 curiosos,
1368 2697 1423 2779 qui
1438 2694 1578 2759 ostiatim
1592 2715 1688 2779 prope
1709 2697 1823 2779 stipem
1843 2695 2003 2779 frustaque
2022 2695 2287 2778 mendicarentur,

460 2822 518 2867 sua
546 2800 689 2864 hausisse
720 2797 911 2864 credendum
940 2805 1003 2878 est,
1031 2799 1204 2880 Diogenem
1231 2797 1406 2878 Ira'e'rtium,
1435 2794 1651 2879 Athenaeum,
1679 2796 1862 2878 Aelianum,
1884 2797 2026 2863 Flavium
2053 2797 2288 2880 Philostratum,

458 2903 662 2984 Favorinum,
685 2907 813 2966 ceteros.

610 3004 841 3082 Quaerentibus
870 3003 960 3068 nobis
989 3003 1027 3067 de
1054 3005 1190 3084 ratione,
1220 3022 1300 3086 quae
1322 2999 1517 3085 philosophis
1539 3001 1754 3066 intercesserit
1776 3021 1848 3066 cum
1869 3003 1986 3086 potitis,
2009 3001 2049 3065 ab
2071 3002 2162 3068 initio
2177 3001 2286 3087 dispu-

456 3108 585 3173 tationis
612 3111 737 3171 nostrae
763 3104 797 3169 id
823 3103 1074 3190 praecavendum
1100 3105 1240 3185 videtur,
1269 3125 1309 3168 ne
1337 3105 1408 3187 quis
1436 3102 1474 3168 de
1502 3109 1615 3166 natura
1642 3109 1674 3167 et
1700 3104 1820 3167 ratione
1847 3111 1904 3166 aut
1930 3104 1968 3168 de
1995 3107 2171 3188 praeceptis
2198 3107 2285 3185 artis,

458 3229 537 3294 quae
560 3207 644 3293 apud
665 3206 865 3293 philosophos
887 3209 1099 3287 inveniantur,
1120 3226 1177 3271 nos
1200 3206 1415 3291 disputaturos
1438 3225 1507 3270 esse
1530 3210 1701 3290 exspectet
1731 3205 1810 3270 'llas
1833 3208 2031 3288 quaestiones
2052 3206 2111 3272 hoc
2132 3206 2200 3272 loco
2222 3227 2284 3270 nou

457 3319 637 3394 tangemus3
664 3311 722 3374 hoc
749 3316 872 3374 tantum
901 3309 1057 3394 explicare
1078 3309 1157 3372 mihi
1179 3316 1227 3372 est
1248 3310 1457 3394 propositum,
1486 3327 1549 3390 qua
1569 3308 1690 3370 ratione
1713 3306 1889 3392 philosophi
1910 3311 2072 3392 poetarum
2093 3307 2286 3374 mentionem

456 3413 637 3493 iniecerint,
664 3417 696 3476 et
724 3411 877 3496 quomodo
907 3430 1014 3476 eorum
1041 3413 1213 3475 sententias
1241 3415 1297 3475 aut
1322 3408 1525 3474 adhibuerint
1551 3415 1607 3472 aut
1634 3412 1857 3473 enarraverint
1902 3410 1970 3487 Qua
1996 3430 2035 3474 ex
2060 3431 2093 3474 re
2116 3410 2209 3474 facilc
2231 3418 2286 3474 aut

457 3523 562 3601 patere
585 3520 640 3578 aut
662 3515 762 3580 conici
784 3535 875 3599 posse
898 3513 1045 3594 arbitror,
1070 3533 1164 3596 qnam
1186 3515 1269 3578 viam
1291 3515 1324 3576 in
1346 3511 1519 3576 tractandis
1542 3512 1735 3594 argumentis
1757 3513 1917 3594 ingressus
1940 3513 1982 3576 sit
2003 3511 2220 3578 Chamaeleon.

438 3619 443 3624 '
607 3619 653 3681 Ac
676 3619 814 3701 primurn
838 3615 966 3698 quidem
989 3617 1129 3680 omnium
1150 3613 1406 3700 philosophorum
1429 3621 1571 3678 veterum
1595 3612 1679 3696 quod
1701 3615 1799 3678 sciam
1820 3615 1980 3698 proprium
1996 3622 2045 3678 est
2061 3623 2093 3680 ct
2109 3634 2284 3696 commune,

455 3726 491 3784 ut
512 3722 546 3784 in
568 3717 835 3803 disputationibus
857 3721 939 3796 suis,
961 3737 1023 3801 quo
1045 3718 1178 3782 vividior
1199 3717 1290 3782 fieret
1311 3715 1465 3780 sermonis
1488 3715 1587 3796 color,
1610 3735 1648 3778 ex
1668 3719 1832 3800 petitarum
1851 3736 1993 3781 sermone
2009 3716 2122 3798 multa,
2145 3719 2211 3782 sive
2226 3735 2285 3781 sua

456 3827 565 3908 sponte
587 3823 621 3884 in
643 3822 826 3922 mqmoriam
849 3841 886 3883 ea
907 3827 1089 3884 revocantes
1111 3822 1177 3884 sive
1199 3821 1294 3884 inscii
1314 3820 1354 3882 iis
1377 3824 1518 3898 utentes,
1545 3821 1680 3882 mutuati
1711 3818 1784 3888 siut.
1828 3819 1886 3882 His
1915 3817 1953 3882 de
1981 3815 2140 3884 doctrinae
2162 3818 2283 3900 signifi-

455 3925 645 4005 cationibuS,
667 3943 746 4007 quae
762 3921 873 3985 inillis
889 3942 928 3984 ex
942 3922 1056 3986 studiis
1079 3923 1145 3986 suis
1161 3927 1389 4007 apparuerunt,
1411 3921 1552 3984 hocloco
1568 3923 1724 4004 copiosius
1738 3940 1803 3984 non
1826 3925 1886 3983 erit
1900 3918 2084 3998 dicendum3
2107 3927 2182 3984 sunt
2196 3923 2284 3984 enim

457 4029 544 4092 casui
566 4027 718 4092 obnoxiae
741 4031 773 4088 ot
794 4022 935 4108 pendent
955 4027 1055 4107 magis
1078 4045 1117 4086 ex
1144 4025 1296 4108 singulari
1323 4023 1484 4108 scriptoris
1508 4022 1666 4104 doctrina,
1694 4041 1788 4105 quam
1816 4043 1855 4085 ex
1876 4022 2001 4087 scholae
2029 4023 2163 4087 alicuius
2191 4043 2281 4107 prae-

455 4130 573 4214 ceptis,
594 4129 757 4210 magisque
779 4128 985 4191 inveniuntur
1002 4125 1086 4210 apud
1108 4147 1172 4208 eos,
1196 4125 1347 4210 quibust
1368 4131 1483 4189 natura
1505 4125 1646 4207 cognatio
1670 4124 1824 4208 quaedam
1848 4145 1919 4188 cum
1941 4125 2043 4209 potitis
2065 4128 2166 4206 inest,
2189 4145 2283 4208 quam

367 4220 370 4228 ’
454 4230 571 4294 inillis
593 4228 802 4314 philosophie,
825 4248 957 4312 quorum
980 4230 1086 4293 ieiuna
1108 4234 1140 4292 et
1160 4229 1249 4293 arida
1269 4248 1360 4291 mens
1382 4232 1545 4312 poetarum
1567 4226 1712 4292 flosculos
1734 4229 1863 4311 respuit
1907 4227 2069 4290 Pobticum
2086 4226 2165 4291 illud
2180 4225 2282 4311 philo-

454 4333 622 4416 sophorum
644 4330 770 4395 dicendi
793 4351 892 4413 genus
915 4330 1071 4396 artissime
1095 4331 1241 4395 cohaeret
1263 4351 1336 4395 cum
1358 4350 1411 4409 ea,
1445 4349 1524 4412 quae
1553 4328 1637 4414 apud
1658 4336 1782 4393 veteres
1804 4329 1880 4409 luit,
1913 4328 2097 4393 educatione
2120 4331 2221 4412 iisque
2244 4348 2283 4392 ex

454 4433 567 4498 studiis
590 4433 766 4518 proiectum
788 4438 850 4511 est,
881 4452 960 4515 quae
983 4432 1022 4497 ab
1045 4433 1224 4497 ediscendis
1245 4433 1374 4496 Homeri
1397 4431 1589 4508 carminibus
1611 4430 1722 4496 eodem
1743 4431 1836 4496 modo
1859 4434 2063 4516 inceperunt,
2090 4451 2152 4514 quo
2174 4436 2283 4495 nostra

452 4536 609 4600 institutio
640 4538 737 4600 saone
766 4535 856 4599 libris
885 4519 1026 4617 legendis
1057 4535 1119 4599 lixa
1148 4543 1179 4598 et
1201 4534 1333 4600 tundata
1363 4540 1420 4599 est.
1465 4536 1569 4612 Quum
1598 4537 1683 4598 enim
1711 4535 1744 4598 in
1772 4534 1886 4618 puerili
1914 4535 2112 4598 institutione
2134 4531 2282 4618 discipuli

453 4640 559 4702 omnia
580 4643 612 4702 et
634 4641 758 4702 virtutis
781 4645 813 4702 et
834 4636 1019 4721 prudentiae
1043 4637 1201 4722 exempla,
1224 4640 1330 4702 omnia
1349 4639 1433 4701 vitae
1456 4643 1638 4721 praecepta,
1664 4656 1773 4699 omnes
1796 4657 1875 4720 quae
1899 4639 2005 4700 tristes
2028 4635 2188 4700 hominum
2210 4637 2280 4698 aui·

451 4759 519 4805 mos
547 4739 756 4805 exhilararent
784 4747 815 4804 et
843 4739 1080 4804 consolarentur
1101 4739 1305 4822 cogitationes
1333 4738 1371 4803 de
1398 4739 1535 4802 Deorum
1563 4759 1635 4802 cum
1662 4738 1842 4803 hominibus
1869 4738 1919 4802 vel
1947 4738 2109 4802 hominum
2136 4738 2220 4801 inter
2247 4757 2281 4800 se

450 4864 511 4910 usu
540 4851 572 4907 et
600 4842 827 4907 cousuetudine
857 4861 895 4906 ex
924 4842 1059 4906 Homero
1088 4843 1273 4908 iuberentur
1303 4849 1334 4906 et
1362 4841 1464 4923 legere
1494 4848 1527 4904 et
1553 4847 1680 4922 tenere,
1713 4844 1766 4925 qui
1796 4842 1937 4906 omnium
1961 4845 2123 4924 poetarum
2144 4841 2280 4904 maxime

450 4949 603 5028 imagines
635 4941 825 5010 Graecorum
853 4943 1015 5008 hominum
1044 4944 1144 5008 menti
1174 4945 1356 5009 informatas
1386 4963 1441 5008 suo
1471 4943 1596 5025 ingenio
1626 4963 1744 5026 suaque
1774 4951 1841 5007 arte
1870 4963 1933 5006 non
1962 4942 2064 5006 solum
2094 4941 2281 5007 adumbrare

450 5047 555 5112 uerbis
579 5046 636 5112 sed
657 5046 751 5132 plane
774 5049 947 5132 exprimere
970 5050 1097 5112 scisset:
1128 5047 1173 5110 nil
1195 5049 1326 5130 mirum,
1356 5046 1440 5130 quod
1468 5044 1517 5109 vel
1540 5045 1729 5111 nobilissimi
1753 5048 1943 5111 Graecorum
1966 5047 2135 5130 scriptores
2157 5043 2197 5108 ab
2220 5041 2280 5107 hoc

452 5152 542 5234 qnasi
565 5149 769 5215 humanitatis
792 5148 996 5214 fundamento
1018 5171 1081 5216 nou
1104 5150 1205 5214 solum
1227 5171 1385 5233 nusquam
1409 5157 1621 5229 recesserunt,
1649 5147 1705 5212 sed
1732 5149 1865 5212 aliorum
1891 5150 1986 5212 etiam
2008 5152 2171 5233 poetarum
2195 5147 2279 5226 cogi·
