4866 6178
1012 376 1226 441 „29-

198 569 339 656 proiecto
362 569 486 656 ἀρχαῖον
508 565 600 632 illum
624 563 736 654 τρόπον
758 586 798 630 ex
819 564 980 652 lapidibus
1006 567 1040 628 in
1069 563 1263 630 orchestram
1291 564 1443 628 coniectis
1463 584 1626 647 agnoscas.
1670 563 1819 630 Maiorem
1841 564 2041 630 881888188-

200 672 275 737 dem
304 690 401 755 quam
429 668 600 734 comoediis
628 669 696 732 suis
725 667 860 752 adeptus
887 666 1118 752 88188881118,
1146 687 1226 750 quas
1253 667 1376 752 primns
1402 665 1442 732 ad
1470 673 1630 730 certarnen
1652 669 1777 732 vocavit
1806 669 1944 732 maxima
1965 689 2041 734 cum

199 773 448 840 Atheniensium
474 769 602 836 laetitia.
648 769 694 835 Si.
717 769 834 834 Athen.
857 769 922 834 XV.
950 791 982 854 p.
1005 769 1077 834 698.
1100 769 1122 835 l.
1166 767 1556 854 18818118148136.
1601 769 1668 847 Quo
1695 789 1769 834 8888
1796 767 1871 832 anni
1899 778 2039 856 tempore

64 879 70 886 '
200 879 366 941 institutus
394 873 437 938 sit
464 871 626 962 18181118
654 869 829 960 88881881,
856 891 895 936 es
920 871 1159 936 narratiuncula
1185 871 1386 955 aliquatenus
1413 871 1533 934 firmari
1559 871 1675 956 8818811
1702 871 1740 935 18
1770 872 2041 954 Gigantomaohia,

200 997 281 1064 quae
304 997 340 1041 eo
363 975 414 1040 die
435 975 471 1039 in
486 973 730 1039 Atheniensium
751 973 872 1039 theatro
895 980 967 1037 acta
988 979 1052 1055 881,
1075 994 1174 1057 quum
1195 975 1398 1037 tristissimus
1421 973 1459 1036 de
1475 972 1634 1038 Siciliensi
1657 972 1902 1039 cladeAthenas
1916 975 2041 1040 8881881

199 1079 342 1144 nuntius.
384 1077 465 1142 Nam
494 1078 584 1140 initio
613 1074 810 1160 Septembris
837 1078 913 1140 anui
934 1075 997 1140 443
1025 1075 1246 1141 infelicissima
1275 1075 1330 1140 illa
1357 1075 1477 1160 proelia
1505 1076 1658 1140 committi
1687 1083 1778 1140 erant
1804 1084 1929 1162 coepta,
1957 1098 2039 1161 quae

200 1181 321 1248 decimo
345 1183 413 1245 eius
436 1180 555 1243 mensis
578 1177 629 1243 die
651 1177 773 1261 ingenti
796 1177 885 1242 clade
900 1177 1142 1242 Atheniensium
1165 1178 1329 1263 profligata
1350 1184 1432 1243 sunt.
1475 1177 1541 1242 Sub
1565 1179 1660 1242 finem
1683 1180 1778 1261 igitur
1792 1177 2039 1262 Metagitnionis,

200 1305 295 1368 quem
323 1285 421 1348 Attici
449 1287 578 1362 vocant,
606 1278 653 1346 01.
682 1281 740 1362 91,
767 1280 797 1342 4.
833 1279 989 1366 expeditio
1023 1279 1188 1344 interierat
1215 1279 1372 1363 (Thucyd.
1401 1280 1468 1344 VII.
1499 1279 1550 1344 85.
1583 1279 1666 1346 Ρ181.
1697 1280 1765 1346 Nic.
1795 1280 1836 1344 28
1867 1280 1936 1346 coll.
1965 1303 2039 1346 cum

199 1385 342 1469 Thucyd.
357 1383 504 1466 vultu
528 1379 662 1467 quodsi
678 1401 788 1446 verum
808 1389 872 1465 est,
893 1381 984 1446 initio
999 1381 1237 1447 Boiidromionis
1258 1381 1394 1463 mensis,
1416 1383 1469 1465 qui
1492 1381 1640 1446 dimidias
1660 1391 1769 1468 partes
1792 1391 1823 1448 81
1841 1382 2039 1469 Septembris

198 1483 779 1570 88818181081818188888818811188,
807 1484 958 1548 1881818
989 1492 1121 1570 accepta
1142 1483 1286 1549 Athenas
1314 1483 1401 1548 allati
1428 1497 1502 1548 suut
1528 1487 1641 1550 nuntii.
1690 1485 1790 1568 Atqui
1817 1506 1890 1550 cum
1920 1489 2040 1576 ἀγῶνας

199 1587 390 1681 depascar,
419 1587 534 1671 quibus
556 1587 597 1652 ab
618 1587 734 1652 Athen.
755 1585 822 1652 XV.
844 1607 875 1671 p.
894 1586 967 1652 699.
988 1606 1016 1652 a.
1039 1587 1187 1672 perediae
1215 1592 1423 1652 accensentur
1447 1607 1512 1652 non
1538 1589 1600 1651 nisi
1628 1586 1741 1652 diebus
1763 1587 1852 1652 festis
1873 1588 2038 1654 institutos
2124 1629 2130 1638 ·

199 1713 269 1756 esse
292 1688 443 1756 credibile
465 1693 528 1771 est,
551 1690 737 1775 praesertim
760 1709 857 1772 quum
879 1691 1062 1774 peregrinos
1086 1691 1181 1754 etiarn
1202 1688 1337 1754 Athenis
1358 1689 1541 1772 frequentes
1563 1691 1691 1754 affuisse
1706 1688 1889 1754 Athenaeus
1912 1688 2038 1773 dixerit,

199 1795 238 1860 18
265 1793 329 1858 alic
350 1793 431 1856 festo
459 1793 513 1855 vix
540 1793 601 1854 erit
627 1790 828 1874 cogitandum
857 1811 952 1876 quam
979 1791 1017 1856 de
1039 1789 1250 1873 Boe'drcmiis,
1277 1811 1356 1876 quas
1377 1793 1411 1883 in
1432 1795 1618 1856 memoriam
1639 1794 1789 1857 victoriae
1812 1813 1831 1856 a
1852 1791 1975 1857 Theseo
1998 1793 2037 1858 de

196 1894 412 1962 Amazonibus
439 1899 616 1978 reportatae
642 1895 849 1959 instituerant
874 1893 1101 1976 Athenienses,
1128 1896 1273 1978 quamvis
1300 1896 1423 1958 musica
1449 1896 1623 1958 certamina
1649 1893 1688 1958 iis
1716 1901 1788 1958 acta
1817 1914 1887 1958 esse
1909 1894 2038 1961 aliunde

197 2018 263 2062 non
290 2002 421 2062 constet.
467 1996 553 2073 Quae
580 1997 607 2060 si
635 2013 708 2060 cnm
735 1995 842 2080 eliqua
864 1998 929 2060 veri
952 1999 1057 2082 specie
1081 1997 1241 2082 disputata
1262 2002 1353 2078 sunt,
1380 1996 1593 2078 Hegemonem
1615 1996 1808 2062 Boidromiis
1833 1999 1910 2060 anni
1932 1998 1984 2079 91,
2006 1998 2035 2064 4.

199 2096 490 2183 Gigantomaehiam
511 2099 613 2180 egisse
634 2097 796 2182 probabile
820 2105 877 2162 est
909 2098 1005 2164 Brevi
1025 2105 1164 2185 ternpore
1185 2103 1260 2164 ante
1281 2099 1339 2164 hos
1358 2097 1450 2163 ludos
1464 2097 1648 2165 Alcibiades
1662 2099 1853 2182 Hegemonis
1867 2119 1983 2163 nomeu
1999 2121 2038 2164 ex

197 2221 322 2267 reorum
349 2200 420 2266 albo
448 2198 621 2281 deleverat,
649 2199 760 2266 eadem
787 2200 956 2266 insolentia
983 2223 1076 2283 usus,
1105 2203 1195 2266 cuius
1217 2200 1361 2286 exempla
1387 2202 1574 2283 gravissima
1597 2199 1695 2265 habet
1714 2199 2037 2268 Pseudo-Andocides

196 2306 231 2370 in
252 2308 330 2370 orat
353 2323 381 2367 c.
406 2302 476 2369 Alc.
522 2302 641 2367 Caussa
667 2321 747 2386 quae
774 2301 949 2386 Hegemoni
975 2301 1111 2369 dicenda
1136 2302 1267 2385 luisset,
1294 2304 1356 2368 8181
1379 2299 1553 2368 Alcibiadis
1580 2323 1639 2388 ope
1666 2309 1752 2368 88881
1777 2303 1946 2387 111888188,
1972 2325 2036 2370 888

197 2413 266 2470 8881
286 2405 406 2487 civilis,
427 2404 484 2470 sed
498 2404 643 2488 publica,
663 2401 748 2488 quod
763 2425 872 2470 verum
895 2426 964 2470 8888
987 2426 1026 2470 ex
1047 2405 1112 2470 illis
1134 2404 1250 2489 quibus
1266 2405 1475 2478 Chamaeleon
1497 2407 1599 2470 utitur
1615 2405 1738 2470 serbis:
1762 2404 1837 2468 ὅπου
1858 2415 1921 2470 τῶν
1944 2395 2036 2470 δικῶν

195 2501 272 2580 ἦσαν
287 2512 319 2572 αἱ
340 2507 455 2598 γραφαί
476 2514 509 2571 81
526 2513 655 2593 propter
668 2509 818 2571 iteratum
837 2507 918 2572 illud
932 2505 1098 2598 γράφεσθαι
1113 2527 1169 2593 888
1185 2513 1271 2572 88818
1286 2513 1318 2571 81
1333 2507 1493 2593 explorato
1508 2507 1604 2572 debet
1617 2506 1727 2592 accipi.
1752 2510 1842 2590 Aug.
1858 2508 2036 2574 Bocclrhius

195 2611 230 2675 in
257 2611 356 2692 libro,
390 2628 485 2693 quem
514 2608 554 2674 18
583 2609 721 2695 publicis
744 2610 990 2675 Atheniensium
1019 2607 1115 2674 rebus
1142 2611 1344 2694 conscripsit,
1377 2609 1476 2674 811.
1501 2611 1536 2692 1,
1563 2629 1595 2694 p.
1616 2607 1690 2672 435.
1718 2608 1826 2674 8111.
1849 2611 1885 2694 1,
1910 2633 1941 2696 p.
1961 2611 2037 2694 532,

195 2719 324 2798 8888188
345 2711 456 2798 parodi
469 2731 574 2776 mores
589 2717 684 2796 atque
707 2714 892 2796 ingenium,
909 2730 981 2776 enm
996 2709 1106 2800 ὕβρεως
1128 2729 1198 2776 esse
1213 2717 1396 2776 accusatum
1417 2713 1612 2798 suspicatur,
1635 2712 1726 2775 cuius
1746 2713 1871 2793 generis
1894 2733 2037 2795 caussae,

197 2835 295 2899 quum
321 2813 533 2878 Athenienses
561 2811 728 2898 imperium
755 2815 952 2880 maritimum
978 2814 1172 2895 obtinerent,
1201 2816 1236 2877 in
1256 2813 1342 2880 Urbe
1371 2813 1638 2879 diiudicabantur.
1687 2813 1821 2879 Athenis
1851 2816 1885 2880 in
1914 2823 2034 2880 metros

96 2965 100 2974 .
196 2919 327 2982 nomina
353 2936 480 2981 reorum
507 2915 633 3001 publice
662 2917 797 3002 proponi
823 2916 983 3000 solebant,
1012 2915 1095 3000 quod
1116 2915 1201 2982 idem
1224 2915 1295 2982 aliis
1317 2919 1351 2981 in
1374 2917 1495 2982 caussis
1517 2915 1601 3000 apud
1622 2915 1800 3000 Eponymos
1823 2917 1942 2982 lactum
1964 2938 2034 2984 esso

197 3019 334 3101 scimus,
360 3018 415 3082 ubi
438 3017 601 3084 columnae
622 3019 872 3087 inscribebatur:
899 3015 1072 3107 Εὐκτήμων
1094 3013 1241 3094 Λουσιεὺς
1264 3013 1418 3109 ἐγράψατο
1440 3016 1635 3107 Δημοσθένην
1656 3008 1855 3092 λειποταξίου.
1890 3019 1946 3102 (cf.
1970 3020 2034 3086 Dc·

194 3119 309 3186 meeth.
332 3121 366 3185 in
387 3117 463 3186 1111.
486 3143 517 3206 8.
533 3120 605 3185 548.
644 3120 781 3186 Beeclh.
796 3119 935 3186 Staatsh.
953 3122 982 3184 1.
1004 3139 1035 3206 p.
1050 3121 1123 3186 433.
1147 3121 1405 3206 81118529.
1442 3119 1641 3188 Schcemann
1662 3121 1729 3186 Act.
1751 3121 1840 3188 Proc.
1863 3141 1933 3208 pag.
1949 3122 2034 3206 562).

195 3222 357 3307 Hegemon
378 3223 414 3288 in
435 3222 569 3287 188888
591 3243 704 3288 caussa
717 3223 876 3290 Alcibiadi
898 3222 1041 3289 advocati
1063 3219 1247 3314 (mandpoo)
1269 3222 1580 3310 8881881881118881,
1602 3225 1656 3308 qni
1677 3229 1785 3288 tamen
1806 3224 2035 3310 superbissime

196 3330 229 3390 et
249 3325 371 3392 iudices
392 3323 495 3389 illusit
523 3335 556 3388 et
576 3324 679 3408 legem
706 3327 875 3411 188888.-
897 3326 944 3390 De
965 3325 1156 3410 Hegemonis
1179 3327 1365 3410 cognomine
1386 3345 1451 3390 non
1478 3333 1612 3392 constat.
1655 3325 1745 3392 Idem
1770 3327 1836 3391 lere
1864 3333 1914 3392 cst
1940 3335 2035 3412 atquc

195 3425 322 3514 Sopatri
341 3427 471 3514 Paphii,
498 3428 554 3512 qui
579 3429 658 3492 item
679 3428 814 3513 paredus
835 3428 921 3515 apud
944 3428 1062 3495 Athen.
1085 3429 1136 3496 IV.
1160 3449 1230 3514 pag.
1247 3429 1318 3494 168.
1342 3429 1372 3494 1.
1395 3433 1412 3492 1
1433 3425 1551 3504 Φάκιος
1577 3431 1814 3512 cognominatus
1837 3435 1887 3494 881
1908 3437 2035 3514 8888188

196 3549 335 3613 carmen,
358 3530 442 3614 quod
465 3530 607 3596 condidit
628 3527 724 3602 Φακῆ
744 3532 944 3617 inscriptum.
984 3531 1068 3596 Fieri
1097 3533 1192 3616 igitur
1213 3534 1318 3617 potuit
1338 3537 1376 3596 81
1396 3531 1571 3615 Hegemoni
1592 3529 1697 3604 simili
1711 3531 1751 3596 de
1774 3551 1887 3596 caussa
1907 3538 2035 3616 propter

196 3651 323 3697 armen
358 3633 500 3717 aliquod,
522 3631 594 3718 'quo
620 3631 739 3697 lentem
765 3653 942 3718 pauperum
962 3640 997 3697 et
1023 3634 1169 3700 tenuium
1192 3633 1300 3698 cibum
1329 3633 1537 3716 celebrasset,
1565 3653 1737 3734 cognomen
1763 3633 1841 3698 illud
1863 3632 2032 3700 inderetur.

196 3733 412 3820 Opportunum
439 3742 524 3800 88818
551 3735 647 3800 lentis
674 3735 882 3814 celebrandae
910 3738 1108 3801 occasionem
1135 3735 1242 3801 attulit
1266 3736 1617 3821 8811888818888888,
1644 3757 1705 3820 quo
1734 3734 1844 3821 epulas
1867 3735 2036 3822 descripsit

195 3836 345 3921 cibosque
374 3840 430 3922 qui
451 3839 690 3924 apponebantur
712 3837 843 3921 (Athen.
866 3839 890 3904 I.
914 3858 986 3924 pag.
1007 3839 1060 3922 5),
1086 3838 1137 3903 881
1163 3837 1289 3921 laudes,
1321 3839 1437 3924 quibus
1466 3838 1585 3904 lentem
1612 3839 1720 3903 elierre
1744 3837 1890 3904 solebant
1910 3845 2033 3904 veteres

195 3939 322 4020 (Athen.
344 3938 581 4026 1118188158.
602 3961 630 4006 a.
663 3939 811 4006 Lentecb.
832 3941 1041 4025 Parcemiogr.
1063 3941 1105 4006 ll.
1126 3941 1167 4006 ad
1189 3941 1319 4007 Macarii
1341 3947 1424 4008 cent.
1444 3940 1527 4008 VIII.
1551 3942 1614 4026 71).
1658 3941 1801 4006 Fortasse
1824 3943 1920 4006 etism
1943 3941 2034 4006 aliter

195 4044 257 4106 erit
283 4041 556 4122 statuendum&
584 4042 780 4126 cognomine.
796 4023 806 4040 ’
824 4043 968 4126 Cogitere
996 4046 1082 4109 enim
1109 4043 1268 4129 quispiam
1294 4047 1413 4129 poterit
1438 4042 1478 4108 de
1508 4047 1708 4127 cognatione,
1737 4062 1817 4128 quae
1839 4045 1874 4108 in
1896 4043 2033 4130 parodiis

194 4145 263 4210 sois
283 4143 451 4210 homericis
473 4149 585 4230 posteo
606 4146 822 4212 intercesserit
843 4135 917 4211 cuni
938 4143 1049 4230 Aluan,
1072 4145 1175 4212 Ulixis
1195 4131 1311 4213 acrore.
1356 4145 1482 4230 (Athen.
1498 4144 1550 4210 IV.
1573 4168 1603 4232 p.
1622 4145 1682 4210 158
1694 4146 1746 4230 a).
1775 4145 1960 4211 Welsndins
1983 4146 2033 4231 (ds

193 4249 372 4333 praecipuis
393 4246 504 4312 Parod
527 4247 618 4314 Hom
641 4249 750 4333 script
772 4269 803 4334 p.
826 4245 879 4332 28>
902 4248 941 4313 18
963 4249 1125 4314 lenticulis
1146 4249 1198 4314 881
1220 4251 1304 4314 varis
1326 4269 1499 4333 cognomen
1521 4249 1651 4316 11881888
1674 4250 1853 4335 suspicatus
1875 4255 1939 4332 est,
1960 4249 2033 4334 qui·

194 4349 255 4414 188
277 4349 416 4416 obsitum
430 4354 541 4435 poe'tss
555 4369 590 4415 os
604 4351 719 4416 luisset
734 4351 958 4430 deformatum
979 4351 1138 4417 Prellsros
1154 4351 1204 4437 (18
1219 4351 1389 4418 Polemone
1404 4373 1434 4437 p.
1451 4351 1503 4435 80)
1523 4352 1562 4418 de
1576 4353 1684 4438 inopia
1697 4372 1865 4437 rerumque
1879 4355 2033 4418 tenuitate

195 4452 359 4536 cogitarit,
381 4470 462 4536 quae
484 4451 581 4518 elium
605 4453 712 4518 811888
734 4454 797 4518 8111
818 4473 928 4540 parare
950 4459 1046 4538 atque
1068 4455 1185 4519 lentem
1207 4459 1335 4540 postam
1355 4457 1518 4521 vetuisset.
1552 4458 1631 4538 Aug.
1647 4455 1823 4521 1181881188
1839 4475 1895 4519 cnr
1908 4463 2033 4521 utrum-

196 4573 255 4638 que
277 4573 406 4620 versum
419 4554 621 4638 Hegemonis,
644 4574 778 4641 quorum
792 4556 873 4622 alter
891 4559 926 4622 in
947 4557 1151 4642 proverbium
1166 4557 1255 4640 abiit,
1276 4560 1361 4624 inter
1380 4559 1447 4624 eius
1467 4537 1616 4643 reliquias
1638 4557 1773 4624 comicas
1787 4579 1852 4622 non
1866 4557 2032 4644 receperit,

194 4657 372 4722 88881188
399 4677 543 4740 causam,
571 4679 646 4724 nam
673 4658 861 4724 8118888188
885 4664 1027 4745 tempore
1050 4680 1123 4724 eum
1143 4661 1264 4726 iactum
1287 4681 1356 4725 8888
1377 4660 1566 4743 arbitratur,
1592 4660 1772 4726 comoediae
1798 4667 1883 4727 certe
1905 4667 2034 4746 propter
2082 4673 2087 4678 ’

194 4765 331 4826 metrum
352 4759 558 4826 ascribendus
580 4769 638 4826 881.
681 4761 828 4826 Alterum
850 4781 958 4827 eorum
980 4762 1084 4828 scribe
1107 4769 1163 4828 aut
1184 4762 1341 4828 Athenaei
1361 4764 1468 4829 888118
1489 4765 1655 4830 assumtis:
2037 4763 2040 4771 '

554 4869 560 4881 '
650 4913 651 4916 ¹
755 4859 882 4954 Ἀγαθὸν
904 4852 939 4927 di
960 4867 1018 4929 aire
1038 4874 1162 4954 χειμῶνι
1183 4868 1242 4929 ads
1265 4862 1342 4954 θέρει
1364 4876 1464 4954 portu,

194 4969 251 5029 aut
271 4964 443 5030 Macarinm
465 4985 601 5050 sequens
624 4965 709 5052 apud
730 4963 935 5034 Leutschinm
957 4966 978 5034 1.
1001 4967 1023 5032 1.
1044 4965 1084 5034 ll.
1107 4988 1139 5054 p.
1161 4967 1234 5034 224.

754 5065 850 5142 Φακῆ
872 5058 906 5133 δὲ
927 5073 985 5134 κάν
1006 5079 1131 5160 χειμῶνι
1152 5073 1208 5136 ads
1231 5067 1307 5160 01888
1329 5080 1420 5160 potitii.

194 5169 243 5234 1881
264 5169 477 5234 resideas
500 5169 726 5236 8181818888.
769 5171 816 5236 Os.
839 5191 934 5256 quem
956 5171 1145 5238 Leutschius
1167 5172 1291 5240 addidit
1312 5174 1583 5241 commentarium.
1621 5174 1704 5253 Quid
1725 5193 1799 5240 vero
1821 5173 1884 5240 sibi
1897 5172 2033 5240 88188811
