4866 6178
980 423 1190 487 ,15-

91 605 98 614 ’
169 622 202 680 et
222 618 349 700 prepter
368 609 509 676 vividam
530 609 734 676 utilitatem
753 607 954 694 antiquitatis
973 612 1159 675 memoriam
1181 609 1348 694 diligenter
1369 615 1621 695 perscrutantem
1636 613 1759 677 aonios
1773 617 1897 679 nomos
1909 628 1999 679 com·

168 720 294 784 moreat
319 721 353 779 et
376 729 531 778 norm
556 711 729 776 formmm
756 711 958 794 inventione,
989 711 1024 776 ia
1050 729 1130 795 quaa
1156 710 1278 776 variam
1305 731 1396 776 snam
1423 710 1601 778 domimum
1626 715 1719 797 quasi
1746 711 1910 798 infundat,
1938 711 2000 781 nte

171 817 307 884 delectu
326 821 359 880 et
379 821 487 879 tonsu
505 833 639 878 neccsse
661 820 719 878 est.

286 961 290 966 -
321 917 413 982 Nunc
434 935 508 980 vero
532 915 571 980 de
594 914 681 980 hisce
704 915 854 1001 deinceps
877 913 1126 980 Chamaeleontis
1149 915 1276 1000 scriptis
1297 916 1389 982 nobis
1412 915 1569 999 mendum
1590 921 1653 982 est:
1683 916 1722 980 de
1745 919 1813 982 eiua
1835 916 1915 983 libro
1957 923 1967 936 ⁴

214 1025 242 1089 1.
260 1021 331 1109 περὶ
351 1015 495 1107 Ὀμήρου.
650 1017 679 1083 b.
701 1017 768 1106 πιρλ
789 1013 1006 1104 Ἀνακρέοντος.
1106 1018 1137 1081 9.
1158 1018 1225 1106 accpi
1239 1017 1362 1106 ἀρχαίοις
1374 1006 1541 1106 κωμῳδίας.
1587 1017 1637 1084 13.
1661 1017 1700 1082 de
1713 1027 1929 1108 προνρνπτυιῷ.

213 1125 242 1191 2.
264 1123 331 1212 riepl
353 1109 501 1184 Ἡσιόδου.
651 1119 679 1184 6.
702 1120 769 1207 περὶ
789 1116 906 1183 Λάσου.
1054 1121 1059 1132 ’
1089 1120 1139 1184 10.
1160 1120 1227 1209 trapi
1248 1117 1401 1208 Σατύρων.
1590 1119 1639 1186 14.
1663 1119 1702 1184 de
1717 1117 1797 1185 libro
1811 1121 1878 1210 uapl
1897 1117 1999 1210 ptine

212 1227 243 1292 3.
261 1226 334 1314 περὶ,
351 1221 545 1310 Στησιχόρου.
650 1223 679 1286 7.
701 1221 768 1309 uapl
789 1209 964 1310 Σιμωνίδου.
1088 1222 1137 1286 11.
1159 1221 1225 1309 περὶ
1248 1209 1406 1296 Θέσπιδος.
1588 1222 1639 1285 lt.
1659 1223 1726 1310 περὶ
1744 1210 1864 1298 ideone.

211 1327 242 1395 f.
264 1327 331 1416 scapi
351 1323 503 1412 Σαπφοῦς
650 1322 680 1386 8.
699 1323 768 1411 scapi
788 1311 949 1410 Πινδάρου.
1085 1321 1403 1410 11.ιιιρ1Αὶοχυλου.
1588 1322 1637 1390 16.
1656 1325 1726 1412 περὶ
1745 1321 1831 1388 Mt.

173 1431 294 1510 Quibus
321 1425 473 1492 inlibris
501 1424 579 1508 quid
604 1425 729 1489 comilii
750 1429 883 1489 neotus
911 1443 983 1488 esse
1011 1423 1156 1488 videatur
1183 1423 1300 1508 quidve
1328 1423 1471 1490 docuerit
1496 1421 1722 1507 uxamiam,
1756 1425 2001 1512 interpretandis

171 1551 280 1600 eornm
301 1529 445 1612 reliqniis
466 1526 702 1610 subiungemus.

829 1867 873 1939 A.
925 1861 1149 1940 POETAE
1181 1863 1348 1940 EPICl.

928 2063 952 2134 l.
996 2065 1049 2133 De
1070 2062 1242 2136 Homero.

324 2239 600 2305 Chamaeleontem
620 2239 867 2326 Peripateticum
888 2239 929 2304 da
950 2239 1087 2305 Homero
1107 2241 1292 2326 scripsisse,
1320 2245 1385 2305 tres
1408 2245 1483 2306 sunt
1503 2247 1618 2324 mnas,
1645 2247 1679 2307 et
1697 2237 1866 2325 Pedanos,
1893 2243 1947 2328 qni
1966 2243 2003 2306 in

172 2346 253 2412 libre
274 2348 384 2410 contu
405 2343 541 2408 Graecos
563 2340 583 2425 ξ
605 2341 647 2405 48
668 2362 742 2408 eam
761 2349 911 2408 mcensat
929 2341 993 2418 illia
1012 2343 1091 2406 viria
1113 2341 1229 2424 doctis,
1252 2343 1307 2427 qui
1328 2341 1368 2408 ds
1389 2361 1503 2427 genus
1524 2347 1636 2430 potitae
1657 2343 1789 2428 eiusque
1810 2344 1885 2409 iore
1906 2363 2002 2409 accu-

171 2454 238 2514 rata
261 2443 492 2531 quaesiverint,
522 2463 620 2529 qnam
640 2443 733 2509 dicit:
761 2445 829 2534 περὶ
853 2453 910 2519 τῆς
934 2441 1082 2518 atrimae
1107 2453 1165 2507 τοο
1190 2439 1326 2532 Ὀμήρου
1351 2443 1457 2534 γένους
1478 2462 1517 2509 ιν
1543 2449 1637 2510 οἴη-ου
1657 2447 1711 2510 ael
1729 2444 1851 2536 χρόνον,
1880 2441 1947 2510 καθ’
1966 2443 2003 2509 te

170 2551 306 2640 tuumne,
325 2545 550 2636 προηρνύνησοιν
571 2549 600 2609 oi
620 2544 838 2636 πρωβότοιτοι,
852 2543 1009 2635 Captos:
1029 2565 1064 2608 ua
1084 2549 1101 2608 t
1122 2541 1259 2635 Ῥινρῖνος
1278 2551 1362 2610 κοινοὶ
1382 2543 1551 2635 Καρβὸοην
1571 2547 1704 2639 γεγονὼς
1722 2583 1765 2596 -
1786 2544 1855 2637 ροντ’
1877 2548 2003 2622 tutavit

173 2650 304 2741 Ἔφορος
330 2653 348 2713 d
373 2647 511 2738 Κυμαῖος
535 2650 588 2712 ael
615 2645 785 2736 Φιλόχορος
811 2651 829 2711 d
855 2644 1024 2726 Ἀθηναῖος,
1051 2635 1264 2737 Μογαοιλείδτς
1289 2669 1326 2712 ra
1353 2649 1406 2711 aral
1434 2645 1619 2735 Χαμαιλέων
1647 2655 1675 2714 ol
1702 2649 1939 2738 περιπατητικά.
1965 2651 2003 2729 λ,

173 2761 207 2818 et
219 2751 376 2818 Cnaobius
397 2753 433 2815 in
453 2771 559 2836 praep.
583 2767 693 2833 evang.
709 2747 749 2815 X.
766 2767 815 2836 ep.
829 2749 867 2831 2,
888 2755 921 2814 et
938 2749 1146 2814 Chamaeleon
1166 2749 1252 2835 ipae,
1275 2749 1330 2834 qui
1351 2769 1386 2814 se
1408 2749 1447 2815 de
1464 2751 1600 2817 Homero
1615 2751 1816 2836 Hesiodoqne
1838 2753 2002 2838 scripsisse

174 2853 269 2937 dicit,
289 2854 347 2919 nbi
366 2850 452 2938 apud
473 2853 562 2936 Diog.
584 2851 687 2917 Lairt.
709 2853 753 2934 V,
775 2852 811 2934 6,
834 2853 862 2917 7.
892 2851 931 2916 de
951 2849 1118 2916 Heraclide
1139 2850 1269 2917 Pontico
1296 2853 1513 2936 conqueritur,
1540 2851 1596 2937 qui
1621 2853 1683 2919 ribi
1703 2871 1785 2938 quae
1807 2853 1846 2918 de
1867 2861 2001 2938 atroque

170 2957 268 3044 Epioe
290 2956 484 3041 scripsisset,
506 2955 676 3020 snfnntos
698 2953 749 3042 ait

324 3059 426 3138 Ratio,
446 3075 543 3142 quam
556 3056 591 3120 in
605 3055 782 3121 liomudcia
797 3061 928 3121 saeuus
945 3062 999 3120 est
1009 3055 1232 3138 Chamaeleon,
1247 3054 1336 3120 nulla
1348 3075 1384 3124 re
1398 3055 1504 3121 aliena
1521 3055 1621 3122 fuisse
1634 3057 1761 3122 ridetur
1776 3058 1817 3126 ab
1831 3076 1885 3139 ea,
1904 3071 2003 3142 quan

170 3165 205 3228 in
227 3159 343 3228 ceterh
363 3159 500 3245 scriptia
513 3157 669 3224 servabat
713 3157 783 3223 Non
805 3157 891 3223 enim
913 3159 1137 3224 commenario
1158 3163 1312 3244 perpetuo
1333 3159 1463 3224 Homeri
1485 3160 1627 3224 carmina
1646 3166 1833 3245 prosecutus
1858 3165 1922 3240 eat,
1949 3158 2003 3244 qni

170 3285 252 3352 quae
280 3283 320 3328 ex
346 3263 486 3326 mione
511 3262 638 3346 poitica
664 3267 888 3325 enascerentur
915 3259 1117 3325 fflcultates
1143 3259 1283 3342 tolleret,
1312 3260 1368 3326 sed
1396 3279 1495 3345 quum
1520 3261 1642 3346 aliquid
1666 3262 1824 3348 explicere
1851 3269 1884 3326 et
1901 3263 2003 3326 inter·

171 3367 270 3454 pretia
288 3383 409 3430 munna
425 3366 465 3428 in
491 3383 527 3428 se
547 3365 709 3448 ουοοίρονο
737 3361 848 3444 vellet,
874 3365 909 3426 in
937 3362 1034 3428 robus
1061 3360 1252 3442 maritabat,
1279 3381 1357 3447 quaa
1379 3382 1418 3427 ex
1439 3361 1612 3449 profundae
1633 3381 1710 3429 suae
1732 3364 1893 3430 doetdnae
1915 3367 2005 3450 copia

171 3467 354 3533 illustraret
396 3466 436 3530 ln
458 3467 635 3530 connium
649 3467 846 3530 enanaticne
862 3463 1041 3550 explicabat
1062 3467 1266 3549 antiquitates
1289 3471 1336 3547 et,
1357 3481 1437 3550 qnae
1455 3464 1505 3529 vel
1520 3467 1634 3532 vitiem
1653 3465 1837 3532 viderentur
1858 3465 1908 3530 vel
1929 3484 2004 3531 cum

172 3572 229 3651 iia,
261 3587 343 3654 qnae
370 3567 496 3633 aliunde
523 3561 647 3649 nosset,
680 3587 744 3632 non
770 3575 993 3650 congruerent,
1025 3587 1082 3652 pro
1104 3587 1163 3632 sua
1183 3567 1326 3632 doctrina
1342 3567 1541 3634 emendabat.
1576 3567 1658 3634 Huic
1686 3569 1938 3655 interpretationi
1964 3568 2004 3632 de

62 3669 70 3688 ⁸
172 3671 302 3736 Homeri
326 3672 395 3734 uita
422 3669 675 3736 dhaertationsm
702 3671 929 3756 praecamina,
958 3689 998 3734 ex
1023 3669 1149 3734 Tatiani
1175 3668 1243 3736 loco
1268 3684 1366 3756 aspra
1389 3667 1485 3734 allato
1513 3678 1651 3756 ΨΜ·
1695 3670 1742 3736 Βθ
1766 3670 1889 3754 reliqua
1910 3685 2003 3754 *Ψ

173 3774 274 3838 menti
294 3774 480 3837 hermione
502 3772 582 3837 nihil
604 3777 736 3838 conatu
781 3774 866 3851 Quae
887 3777 995 3836 umen
1018 3791 1057 3836 ex
1078 3771 1220 3857 reliquiis
1243 3774 1423 3837 coniectura
1444 3773 1568 3856 assequi
1595 3773 1683 3858 potui
1704 3771 1782 3838 baeu
1805 3779 1892 3838 aunt:
1921 3771 2003 3838 cta

173 3873 358 3940 maelsentia
372 3873 468 3956 liber,
490 3877 627 3958 quierat
641 3873 680 3940 de
694 3875 847 3957 Homero,
861 3873 984 3941 duabus
999 3871 1221 3940 continebatur
1235 3873 1395 3960 partibus,
1416 3873 1517 3938 altera
1529 3874 1596 3962 caepi
1610 3862 1804 3959 Νισαίας,
1826 3874 1925 3940 altera
1938 3875 2004 3963 πιρλ
2039 3915 2046 3928 -
2102 3897 2103 3902 ¹

175 3961 315 4059 Ἰλιάδος,
347 3995 482 4060 quarum
510 3975 598 4042 illam
624 3997 698 4041 rare
725 3979 886 4042 exstitisse
914 3997 953 4040 ex
980 3975 1083 4042 Schol.
1113 3976 1153 4040 ad
1174 3977 1264 4042 Ham.
1289 3977 1401 4061 Odyss.
1424 3999 1454 4058 r,
1485 3975 1550 4044 334
1571 3977 1735 4062 probabile
1756 3984 1819 4060 est,
1840 3977 1918 4043 baec
1939 3997 2004 4043 non

173 4079 280 4146 minae
308 4079 447 4162 quinqua
476 4078 573 4143 lihrcu
600 4078 746 4164 amplexa
770 4099 841 4144 esse
866 4078 993 4143 ridetur
1029 4077 1584 4164 (sch01.apoh.1th0d.11‚904.).
1627 4079 1675 4144 De
1702 4079 1854 4163 singulari
1875 4080 2004 4145 Homeri

174 4181 351 4248 mmmm
379 4179 532 4262 editione,
565 4181 649 4266 quod
670 4181 820 4246 hehrsius
849 4181 926 4245 faoit
952 4183 986 4244 in
1007 4181 1190 4246 Aristarcho
1219 4201 1288 4267 pag.
1311 4181 1368 4262 30,
1397 4183 1534 4264 cogitare
1558 4180 1647 4264 nolo,
1679 4198 1777 4266 quum
1798 4181 2004 4266 reliquiarum

174 4303 274 4368 genus
296 4288 463 4369 repugnet3
485 4282 554 4347 fieri
576 4283 704 4368 quidem
725 4284 846 4370 potuit,
867 4290 903 4348 ut
925 4283 1161 4349 mandationes
1182 4283 1217 4347 in
1239 4283 1410 4349 editionem
1432 4305 1452 4347 a
1473 4303 1507 4347 se
1522 4291 1664 4369 paratam
1678 4286 1846 4370 reciperet,
1868 4283 1925 4349 sed
1938 4303 2004 4350 non

175 4393 225 4452 est
245 4385 432 4470 verisimile;
454 4387 634 4450 ”curatius
657 4388 741 4450 enim
757 4386 904 4452 omnibus
919 4387 1098 4472 perpensis,
1120 4385 1325 4471 reliquiisque
1341 4387 1424 4450 inter
1438 4405 1472 4450 se
1488 4384 1611 4452 collatis
1626 4385 1900 4452 Chunaeloontem
1913 4385 2006 4473 plora

175 4489 319 4554 attulisse
341 4495 541 4571 agumenta,
563 4487 679 4572 quibus
694 4487 945 4554 emendationem
961 4489 1123 4574 probaret,
1144 4487 1277 4554 videbis.
1322 4486 1442 4554 Setiam
1466 4490 1562 4572 igitur
1574 4488 1770 4572 singularum
1785 4491 2005 4573 quaestionum

175 4583 400 4681 (ζητημάτων),
428 4609 508 4675 quae
538 4593 724 4656 coniunctae
752 4590 1012 4656 commentarium
1039 4591 1226 4674 formarent,
1255 4593 1295 4656 ab
1319 4611 1355 4656 eo
1378 4591 1550 4677 profectam
1572 4611 1641 4655 esse
1664 4591 1805 4658 arbitror.
1841 4591 1909 4656 lam
1929 4611 2003 4658 vero

176 4713 216 4758 ex
230 4692 435 4778 Peripatetici
458 4691 733 4758 mandationibus
756 4713 811 4758 cur
832 4693 999 4780 plerasque
1022 4692 1147 4758 silentio
1169 4696 1390 4778 praeterierint
1410 4683 1533 4758 veteres
1555 4711 1593 4756 aa
1614 4697 1664 4757 est
1678 4712 1804 4777 mussa,
1823 4694 1909 4779 quod
1922 4713 2003 4779 qaae

175 4795 338 4882 placerent
358 4795 540 4860 refutationi
562 4815 625 4860 non
648 4794 799 4860 obnoxias
821 4815 892 4860 esse
914 4795 1165 4877 arbitrabantur,
1187 4815 1286 4880 eaque
1307 4799 1341 4862 in
1364 4815 1456 4860 soom
1478 4813 1572 4860 usum
1593 4815 1743 4862 conversa
1756 4797 1852 4862 tacito
1867 4798 2004 4862 auemris

175 4900 303 4962 nomine
325 4899 359 4962 in
374 4896 528 4962 scholicoa
544 4898 784 4963 commentarios
798 4898 981 4976 sumebant3
1005 4918 1085 4982 quae
1106 4917 1179 4962 vero
1196 4901 1301 4964 minus
1316 4905 1401 4964 recte
1416 4899 1589 4964 coniecisse
1604 4897 1770 4963 videbatur
1785 4897 2004 4980 Chamaeleon,

177 5019 215 5062 ea
234 4999 422 5085 premebant
442 5019 546 5084 neque
567 5000 782 5085 praeteribant
806 5003 987 5086 posterioris
1015 5001 1128 5066 aetahs
1152 4999 1262 5066 critici.
1307 5000 1441 5086 Saepius
1463 5001 1558 5084 igitur
1580 4999 1782 5065 Adetuchus
1804 5002 1834 5065 ei
1855 4999 2003 5064 aduena

178 5105 231 5163 tur
252 5106 284 5164 at
305 5103 372 5166 iore
394 5100 538 5187 quidem,
558 5101 736 5168 zenodotus
751 5119 815 5168 non
829 5105 916 5168 item.
953 5104 984 5168 Is
1005 5105 1090 5167 eninr
1105 5101 1356 5168 Chamaeleontis
1372 5102 1624 5168 emendationem
1640 5123 1713 5166 com
1727 5103 1863 5166 auctods
1877 5103 2003 5170 nemim

178 5204 297 5286 recepit
322 5205 356 5266 in
382 5201 418 5270 ll.
447 5227 478 5293 ρ.
507 5203 582 5286 231ς
612 5223 690 5270 num
717 5203 796 5269 alias
823 5223 944 5288 quoque
972 5205 1183 5292 adoptaverit,
1215 5207 1319 5270 evinci
1345 5206 1464 5288 nequit.
1508 5203 1618 5288 ltaque
1646 5203 1927 5290 Peripateticorum
1954 5206 2003 5270 via
