4866 6178
1280 357 1490 422 -42..

471 569 575 635 neque
597 551 754 631 interea,
782 567 860 632 quae
889 547 1064 630 antiquitus
1092 551 1216 610 servata
1241 549 1332 626 sunt,
1361 543 1439 609 talia
1464 565 1543 610 esse.
1586 544 1696 628 Itaque
1723 545 1821 610 verba
1847 544 1903 609 illa
1929 545 1977 610 ἐπὶ
1996 554 2058 608 τῶν
2079 543 2222 634 πρότερον
2242 567 2295 611 ex·
2389 537 2390 540 '

469 651 587 737 plenda
608 656 685 716 sant
705 653 767 733 ita,
795 655 832 713 ut
854 669 893 713 ex
920 649 1125 732 sequentibus
1155 647 1389 730 subiungatarr·
1404 646 1556 734 ποτηρίων
1578 645 1785 736 εἰργασμένων.
1829 649 1915 726 Quae
1937 649 1965 712 si
1986 667 2060 712 vera
2082 654 2175 729 sunt,
2203 648 2295 714 lalsus

472 761 522 820 est
543 753 747 818 Oasaubonas
770 771 868 836 quum
890 753 1165 837 interpretaretur:
1187 769 1291 833 neque
1312 749 1347 813 in
1369 751 1496 834 scriptis
1512 769 1613 832 neque
1629 747 1770 832 illorum,
1792 751 1847 834 qui
1862 769 1919 813 nos
1934 755 2190 831 antecesserunt,
2211 754 2295 814 testi-

470 857 585 921 monio.
628 854 738 938 Neque
760 853 794 918 id
817 853 1002 918 Gasaabono
1025 851 1262 918 assentiendum
1285 856 1349 931 est,
1377 851 1458 934 quod
1484 849 1576 933 dicit,
1604 850 1688 915 hunc
1710 849 1831 933 locam,
1859 871 1920 935 quo
1942 852 2153 916 Chamaeleon
2176 872 2297 918 caussas

471 957 664 1044 protulisset,
686 976 725 1018 ex
747 955 864 1038 quibus
887 955 1037 1038 dynastae
1059 960 1092 1018 et
1113 953 1286 1038 locupletes
1309 950 1422 1039 amplis
1437 953 1560 1038 poculis
1575 952 1764 1036 gauderent,
1785 953 1984 1052 aliquatenus
1998 954 2152 1039 explicari
2175 961 2207 1018 et
2228 955 2298 1019 illu·

466 1062 565 1124 etrari
585 1057 681 1123 simili
704 1057 838 1142 quodam
861 1057 929 1122 loco
951 1059 985 1120 in
999 1056 1139 1121 Platonis
1153 1056 1329 1137 Protagora
1362 1054 1455 1118 Illum
1478 1056 1563 1120 enim
1585 1075 1648 1119 non
1663 1056 1785 1133 inveni3
1809 1054 1865 1119 aed
1881 1055 1965 1142 apud
1980 1056 2255 1122 Chamaeleontem
2270 1064 2300 1122 et
2389 1079 2390 1106 ι

471 1161 556 1246 apud
570 1160 735 1227 Platonem
756 1162 790 1222 in
810 1159 894 1224 Prot.
917 1158 1088 1224 incidimus
1109 1160 1143 1222 in
1165 1157 1314 1222 rariorem
1336 1159 1423 1221 vocis
1446 1146 1635 1246 daprcbpqatv
1657 1178 1766 1237 usura,
1790 1177 1882 1240 quem
1905 1157 2129 1243 explicandum
2152 1158 2214 1225 sibi
2234 1181 2298 1224 esse

471 1265 603 1330 sortasse
634 1262 759 1327 censuit
784 1263 833 1326 vir
862 1261 982 1326 doctus.
1026 1259 1070 1324 Ut
1091 1265 1217 1345 propter
1238 1259 1297 1324 hoc
1319 1259 1508 1324 vocabulum
1531 1259 1735 1323 Casaubonns
1757 1261 1791 1322 in
1812 1257 1954 1324 Platonis
1975 1261 2181 1344 Protagoram
2202 1265 2298 1346 respi-

385 1423 387 1432 ,
473 1387 543 1432 cere
565 1385 622 1430 nos
643 1365 781 1445 iuberet,
811 1365 838 1428 ei
867 1363 905 1428 de
933 1362 1092 1448 voluptate
1116 1367 1335 1445 quaereretur,
1365 1381 1458 1445 quam
1483 1381 1520 1424 ex
1542 1363 1616 1425 rino
1640 1368 1789 1446 caperent
1808 1360 1953 1426 homines
1974 1364 2206 1447 potentissimi,
2235 1365 2298 1428 lieri

471 1469 611 1554 prolecto
633 1469 752 1552 potuit,
779 1468 842 1530 nisi
865 1465 944 1530 lorte
966 1464 1092 1528 credere
1114 1465 1241 1544 mavis,
1259 1462 1477 1528 Casaubonum
1502 1466 1657 1546 cogitasse
1679 1469 1734 1527 aut
1756 1462 1795 1527 de
1816 1464 1899 1528 Prot.
1924 1463 1946 1528 1.
1969 1485 2000 1550 p.
2023 1464 2098 1546 327,
2122 1463 2141 1547 ᾗ
2164 1465 2222 1546 47,
2247 1467 2297 1530 ubi

472 1572 608 1636 ferorum
630 1571 862 1653 agrestiumque
886 1587 989 1631 mores
1010 1566 1208 1632 Pherecratis
1230 1564 1330 1629 Chora
1359 1585 1398 1628 ex
1420 1562 1538 1654 Ἀγρίοις
1566 1565 1779 1650 depinguntur
1806 1565 1955 1644 (Meinelr.
1979 1566 2060 1630 Hist.
2085 1587 2129 1630 cr.
2153 1589 2183 1652 p.
2200 1569 2238 1630 ‘ll
2255 1589 2323 1651 sq„
2389 1627 2390 1634 ,

472 1679 505 1737 et
531 1693 561 1758 p.
578 1672 627 1737 79.
654 1671 776 1754 Frugm.
798 1670 822 1736 l.
846 1691 876 1755 p.
892 1668 976 1751 254),
999 1674 1054 1732 sut
1076 1667 1115 1732 de
1135 1666 1219 1731 Prot.
1241 1666 1264 1731 I.
1288 1687 1318 1751 p.
1335 1666 1408 1748 347,
1434 1666 1510 1751 §91
1533 1688 1619 1751 sqq,
1646 1669 1702 1733 ubi
1730 1667 1874 1732 Socrates
1902 1667 1941 1732 de
1967 1688 2049 1732 vana
2077 1668 2144 1751 agit
2171 1668 2297 1734 divitum

471 1780 595 1856 mente,
617 1775 671 1857 qui
693 1793 756 1837 non
779 1774 841 1837 nisi
862 1771 1001 1854 corporis
1022 1768 1237 1855 voluptatibus
1260 1771 1434 1854 capiantur.
2106 1771 2114 1788 ·

624 1875 692 1940 lam
718 1895 817 1939 unum
845 1879 943 1938 restat
970 1871 1054 1956 quod
1081 1871 1297 1937 observatione
1327 1870 1456 1954 dignum
1485 1870 1619 1936 videtur.
1670 1871 1707 1936 ln
1735 1871 1987 1944 Chamaeleontis
2017 1871 2104 1938 enirn
2132 1871 2199 1937 loco
2227 1872 2297 1936 haec
2389 1859 2390 1882 l

474 1983 565 2043 sunta
598 1976 635 2041 cd
651 1976 721 2066 ’γὰρ
751 1976 838 2066 parda
867 1965 1087 2063 ὀνομαζόμενον
1117 1971 1215 2062 μόνοις
1243 1983 1305 2048 τοῖς
1331 1971 1438 2061 ἥρωσιν
1466 1961 1656 2036 ἀπεδίδοσαν.
1704 1973 1822 2038 Eadem
1850 1973 1948 2038 verba
1974 1975 2095 2060 profert
2115 1973 2231 2039 Athen.
2250 1974 2297 2039 XI.

473 2103 504 2166 p.
520 2081 591 2144 497.
605 2100 644 2160 e,
666 2080 756 2162 quasi
780 2075 1022 2162 eTheophraeti
1044 2076 1108 2140 sint
1129 2074 1224 2140 libro:
1247 2072 1440 2163 Θεόφραστος
1463 2063 1497 2138 δὲ
1518 2077 1549 2138 ἐν
1570 2083 1615 2156 τῷ
1637 2077 1702 2164 περὶ
1725 2073 1817 2164 μέθης
1838 2077 1875 2140 ad
1897 2075 1984 2163 ρὀτδν
2006 2097 2096 2164 φησιν
2119 2067 2298 2165 ὀνομαζόμε-

475 2204 524 2246 νον
544 2191 607 2256 τοῖς
628 2179 719 2268 ἡρωον
742 2179 840 2268 μόνοις
862 2167 1067 2242 ἀποδίδοσθαι.
1110 2177 1224 2242 Utrum
1248 2198 1284 2241 eo
1305 2175 1372 2243 loco
1394 2176 1576 2241 Athenaeus
1599 2180 1749 2242 memoria
1770 2177 1878 2262 lapsus
1901 2180 1956 2258 sit,
1984 2198 2024 2242 an
2052 2199 2092 2242 ea
2113 2178 2211 2243 verba
2231 2199 2298 2242 vere

473 2285 508 2348 in
530 2282 737 2368 Theophrasti
758 2280 838 2345 libro
860 2287 956 2364 atque
978 2279 1011 2344 in
1034 2277 1284 2344 Chamaeleontis
1307 2278 1346 2344 de
1368 2278 1553 2344 temulentia
1575 2277 1685 2345 eadem
1707 2281 1840 2360 luerint,
1867 2282 1970 2344 evinci
1991 2283 2119 2363 nequit,
2147 2300 2248 2364 neque
2269 2279 2298 2343 id

476 2387 536 2450 erit
557 2383 774 2465 efficiendum,
796 2403 874 2448 num
889 2389 1010 2447 veteres
1033 2381 1071 2446 dc
1094 2387 1221 2446 auctore
1242 2380 1316 2446 libri
1338 2379 1377 2444 de
1398 2381 1585 2445 temulentia
1605 2401 1703 2465 aeque
1726 2381 1940 2447 dubitaverint
1956 2389 2050 2466 atque
2074 2381 2115 2446 de
2138 2381 2217 2448 libro
2238 2383 2298 2468 περὶ
2389 2447 2390 2452 ,

475 2477 602 2566 ἡδονῆς,
625 2505 718 2569 quem
740 2483 950 2550 AthamVlll.
972 2505 1003 2569 p.
1019 2483 1091 2572 347.
1108 2503 1134 2548 e.
1158 2482 1367 2568 Theophrasti
1390 2483 1441 2546 rel
1468 2483 1717 2548 Chamaeleontis
1744 2483 1842 2548 luisse
1871 2486 2006 2569 scripsit.
2051 2483 2116 2548 Sed
2140 2484 2179 2549 de
2202 2503 2297 2548 errore

476 2589 630 2655 Athenaei
651 2587 859 2652 libentissime
882 2586 1017 2652 credam.

1189 2821 1254 2888 XV.
1298 2823 1350 2887 De
1372 2823 1589 2910 Voluptate.

627 2997 675 3061 De
696 2993 855 3079 voluptate
878 2996 982 3059 variae
1004 3013 1185 3078 graecorum
1208 2993 1460 3080 philosophorum
1483 2992 1668 3078 disciplinae
1689 2993 1774 3058 varie
1795 2993 1996 3078 disputarant
2014 2995 2167 3078 variaque
2189 2997 2297 3079 quiex

475 3101 515 3166 iis
537 3099 668 3184 profecti
691 3103 765 3162 sunt
785 3101 1005 3182 praeceptores
1028 3097 1292 3181 conscripserunt
1335 3097 1440 3180 Atque
1463 3101 1499 3160 ut
1519 3097 1559 3161 ab
1582 3116 1618 3161 eo
1637 3096 1797 3177 exordiar,
1819 3115 1912 3179 quem
1927 3097 2181 3162 vetustissimum
2195 3098 2297 3176 eciam,

476 3203 540 3265 iam
567 3203 650 3264 inter
675 3198 814 3264 Platonis
840 3198 1004 3264 volumina
1031 3217 1129 3263 unum
1157 3203 1220 3279 est,
1254 3196 1334 3280 quod
1367 3197 1451 3282 apud
1477 3197 1649 3281 Diogenem
1676 3197 1776 3263 Lairt
1798 3197 1932 3278 111,3t.
1966 3197 2091 3263 Philebi
2123 3197 2248 3264 nomibe
2279 3193 2297 3266 d

475 3303 542 3392 περὶ
568 3290 678 3376 ἡδονῆς
704 3303 892 3385 inscriptum
920 3307 976 3365 est.
1021 3301 1092 3364 lure
1120 3301 1149 3364 is
1176 3298 1260 3365 liber
1282 3302 1316 3366 in
1337 3299 1570 3365 Platonicorum
1596 3299 1747 3364 librorum
1769 3299 1907 3383 catalogo
1931 3302 2013 3365 inter
2035 3321 2088 3364 eos
2110 3305 2297 3377 numeratur,

477 3407 531 3488 qui
554 3403 592 3469 de
614 3403 776 3468 honestate
799 3409 874 3467 sunt
896 3401 1025 3486 etquid
1047 3403 1086 3467 de
1108 3402 1190 3467 bono
1213 3400 1334 3467 malove
1350 3403 1506 3466 senserint
1528 3400 1703 3488 philosophi
1718 3408 1864 3466 accurate
1880 3403 2046 3488 explicant.
2080 3403 2163 3467 Nam
2181 3405 2214 3466 in
2236 3421 2296 3466 ser·

475 3526 568 3570 mone
592 3527 628 3571 eo
651 3505 690 3569 de
713 3505 829 3570 linibus
851 3503 1004 3568 bonorum
1026 3506 1143 3588 egitur,
1165 3504 1205 3569 ad
1228 3525 1304 3589 quos
1326 3510 1478 3587 tanquam
1499 3502 1539 3568 ad
1561 3525 1700 3568 summes
1715 3504 1827 3586 agendi
1843 3506 1980 3568 rationes
1995 3505 2140 3570 homines
2157 3510 2296 3590 appetere

477 3613 633 3694 oporteat,
660 3608 774 3691 quibus
802 3608 976 3672 animorum
1005 3627 1132 3671 suorum
1160 3606 1285 3671 cultura
1309 3609 1445 3670 maxime
1473 3605 1558 3671 cordi
1586 3625 1740 3691 curaeque
1768 3607 1818 3672 sit.
1863 3608 2017 3684 Quoniam
2045 3610 2132 3671 enim
2154 3604 2297 3672 Philebus

478 3707 593 3800 ἀγαθὰν
615 3705 688 3772 εἶναι
709 3707 745 3771 το
762 3706 877 3796 ’χαίρειν
892 3717 965 3771 πᾶσι
987 3699 1074 3784 ζώοις
1095 3709 1146 3771 ael
1167 3709 1223 3779 ιὴν
1238 3697 1348 3780 ἡδονὴν
1362 3709 1413 3771 ast
1427 3703 1527 3795 τέρψιν
1544 3708 1761 3789 contenderat,
1781 3708 1981 3790 Protarchus,
2003 3709 2055 3792 qui
2074 3713 2143 3774 eius
2158 3725 2297 3773 caussam

476 3817 658 3897 susceperat
679 3810 847 3894 agendam,
875 3831 894 3873 a
916 3809 1044 3875 Socrate
1072 3831 1108 3874 eo
1136 3809 1251 3875 ductus
1274 3817 1337 3890 est,
1364 3811 1500 3895 primurn
1521 3817 1558 3875 ut
1579 3811 1733 3896 voluptati
1761 3810 1820 3875 soli
1841 3813 1905 3874 vim
1927 3831 1991 3875 non
2014 3811 2120 3876 inesse
2143 3811 2296 3884 fateretur,

478 3933 556 3997 quae
583 3913 623 3977 ad
650 3913 846 3977 honestatem
871 3910 1014 3976 homines
1041 3913 1153 3994 ferret,
1182 3911 1296 3977 deinde
1323 3919 1359 3976 ut
1386 3910 1493 3976 asela
1514 3915 1633 3978 ratione
1655 3912 1754 3977 vitam
1776 3919 1914 3976 nostram
1937 3913 2106 3996 gubernari
2127 3933 2190 3978 non
2211 3927 2296 3995 posse

478 4015 669 4080 consentiret
690 4015 752 4079 nisi
772 4013 940 4099 voluptatis
963 4013 1139 4098 dolorisque
1161 4013 1325 4078 accederet
1347 4035 1470 4079 sensus.
1504 4013 1667 4079 Summum
1690 4014 1809 4079 bonum
1830 4034 1893 4078 non
1917 4017 2066 4079 exsistere
2089 4016 2152 4079 nisi
2174 3999 2296 4078 rationis

475 4117 708 4202 voluptatisque
731 4118 966 4197 coniunctione,
988 4135 1083 4200 quarn
1104 4122 1210 4180 tamen
1233 4117 1277 4179 ita
1299 4123 1512 4201 comparatam
1533 4136 1602 4181 esse
1625 4123 1799 4202 oporteret,
1820 4124 1858 4181 nt
1877 4115 1956 4181 haec
1978 4117 2064 4182 illam
2086 4137 2150 4183 non
2173 4132 2295 4200 supera-

476 4226 539 4300 ret,
567 4218 621 4282 illa
651 4225 759 4284 contra
785 4217 864 4282 nihil
890 4217 1085 4299 admitteret,
1115 4218 1198 4302 quod
1224 4238 1336 4282 sanum
1363 4217 1563 4302 salutareque
1590 4239 1660 4282 esse
1683 4220 1804 4304 corpori
1826 4219 1969 4284 animove
1992 4239 2053 4284 non
2077 4220 2237 4284 indicaret.
2258 4247 2296 4260 ·-

476 4321 553 4386 Post
578 4320 742 4385 Platonem
776 4327 883 4385 autern
916 4341 955 4384 ex
983 4321 1209 4386 vetustioribus
1238 4319 1452 4401 Academicis,
1485 4326 1636 4402 quantum
1666 4341 1705 4384 ex
1733 4320 1884 4385 librorum
1915 4321 2016 4385 titulis
2050 4321 2189 4386 divinare
2218 4318 2296 4392 licet,

477 4423 687 4508 Speusippum
711 4427 743 4486 et
762 4422 971 4487 Xenocratem
994 4421 1080 4486 hisce
1102 4421 1342 4505 quaestionibus
1364 4428 1531 4507 occupatos
1553 4425 1748 4504 invenimus,
1777 4443 1909 4506 quorum
1931 4422 1983 4486 ille
2006 4423 2123 4488 librum
2143 4423 2209 4509 περὶ
2229 4406 2295 4488 ἡδ-

477 4534 528 4599 νὴς
550 4520 585 4587 α’.
608 4525 710 4608 (Diog.
733 4523 834 4589 Latrt.
856 4523 910 4604 IV,
934 4525 961 4586 1.
986 4521 1050 4606 11.)
1074 4523 1275 4608 conscripsit,
1305 4526 1358 4607 qui
1386 4523 1419 4587 in
1447 4524 1586 4607 catalogo
1614 4525 1738 4589 medius
1765 4525 1848 4589 inter
1874 4525 1972 4589 libros
1999 4525 2037 4589 de
2065 4525 2182 4589 divitiis
2209 4526 2240 4583 et
2259 4515 2295 4579 de

476 4627 599 4692 iustitia
618 4629 740 4710 positus
762 4633 826 4707 est,
857 4626 909 4691 hic
930 4626 997 4714 capi
1018 4614 1127 4700 ἡδονὴς
1149 4625 1273 4690 duobus
1296 4624 1385 4689 libris
1408 4623 1455 4709 (α’.
1478 4623 1522 4709 β’.)
1545 4629 1623 4709 egit,
1656 4628 1710 4710 qui
1736 4629 1819 4691 inter
1847 4625 1951 4691 ethica
1972 4630 2089 4712 scripta
2110 4624 2192 4712 apud
2212 4621 2293 4698 Diog.

475 4728 578 4794 La'e'rt.
594 4728 654 4809 IV,
669 4727 698 4792 2.
714 4729 743 4792 9.
767 4727 915 4794 recensiti
937 4733 1025 4792 sunt:
1047 4727 1113 4815 περὶ
1129 4716 1315 4802 tineosum
1337 4721 1383 4807 a',
1405 4729 1472 4816 περὶ
1487 4730 1593 4816 ἀρετῆς
1614 4725 1650 4791 α’.
1674 4726 1718 4810 β’.,
1740 4729 1806 4817 περὶ
1821 4717 1909 4792 εἰδῶν
1924 4725 1970 4808 α’.,
1993 4730 2059 4817 περὶ
2074 4717 2182 4801 ἡδονῆς
2202 4719 2236 4786 α’.
2251 4715 2294 4802 β’.,

476 4833 543 4920 περὶ
565 4831 629 4914 βίου
651 4825 701 4911 a',
722 4832 789 4920 περὶ
812 4819 946 4918 ἀνδρείας
968 4823 1015 4909 a',
1038 4829 1103 4917 περὶ
1122 4839 1177 4892 τοῦ
1192 4829 1255 4905 ἑνὸς
1277 4826 1312 4892 α’.
1357 4829 1460 4906 Quum
1482 4850 1554 4894 vero
1577 4829 1651 4894 ordo
1674 4833 1895 4916 scriptionum,
1917 4832 1969 4914 qui
1992 4831 2026 4894 in
2049 4830 2195 4912 catalogis
2216 4817 2293 4906 apud
2387 4817 2390 4828 ⁴

476 4921 650 5018 Diogenem
671 4932 774 5000 Latrt.
795 4935 829 4996 in
852 4931 1045 5015 singulorum
1067 4930 1322 5017 philosophorum
1343 4933 1417 4995 vitis
1439 4934 1615 5014 invenitur,
1637 4953 1700 4997 non
1715 4933 1862 4998 lortuitus
1878 4935 1920 4996 sit
1933 4939 1989 4998 aut
2003 4932 2154 4997 librorum
2170 4922 2294 5009 digestio

476 5041 596 5100 temere
618 5039 782 5120 suscepta,
811 5032 867 5099 sed
892 5037 1012 5099 ratione
1042 5033 1178 5117 quadam
1206 5039 1238 5096 et
1265 5032 1394 5099 consilio
1420 5033 1570 5098 adornata
1596 5037 1828 5118 maximamque
1850 5041 1971 5119 partem
1993 5035 2129 5118 Diogene
2151 5025 2294 5098 vetustior

478 5138 518 5202 ad
532 5137 816 5204 Alexandrinorum
831 5141 886 5201 aut
899 5136 1163 5219 Pergamenorum
1185 5134 1390 5201 bibliothecas
1412 5137 1455 5200 sit
1476 5135 1655 5200 referenda:
1678 5157 1716 5202 ex
1738 5136 1890 5200 librorum
1911 5136 2007 5220 locis,
2029 5137 2144 5221 quibus
2161 5137 2194 5199 in
2212 5133 2292 5193 cata·
