4866 6178
1284 369 1472 434 ,g-

468 557 628 638 homincs,
661 557 744 639 qnod
777 557 930 622 clarorum
960 559 1099 622 virorum
1125 556 1401 622 lamentationibus
1429 563 1461 622 et
1493 560 1764 623 commiseratione
1797 557 1918 622 animos
1949 555 2087 622 studiose
2119 558 2292 641 legentium

469 659 618 742 lranguut
639 665 671 722 et
693 657 871 738 emolliunt,
901 658 982 742 quod
1006 659 1141 742 denique
1163 657 1353 742 imaginibus
1375 661 1441 722 suis
1463 679 1565 724 mores
1588 658 1835 725 adolescentium
1856 657 2029 744 depravant
2050 663 2082 723 et
2104 657 2288 728 dissolvunt.

469 762 553 838 Quae
576 762 680 824 omnia
702 780 798 843 quum
820 759 1016 824 obliteranda
1037 767 1069 824 at
1095 759 1230 825 delenda
1251 765 1379 825 censeat
1399 759 1503 842 Plato,
1525 763 1570 825 ita
1590 761 1679 841 iacit,
1700 764 1759 850 οὐχ
1778 765 1817 834 ὡς
1838 763 1873 823 οὺ
1894 759 2037 830 ποιητικὰ
2058 761 2110 824 καὶ
2131 749 2208 833 η’δέιι
2228 773 2292 836 τοῖς

467 865 590 935 πολλοῖς
611 859 745 940 ἀκούειν,
768 859 835 924 ἀλλ’
857 860 918 944 ὅσῳ
939 861 1159 950 ποιητικώτερα
1180 861 1317 944 τοσούτῳ
1339 855 1432 932 ἧττον
1446 862 1610 926 ἀκουστέον
1623 863 1707 926 παισὶ
1721 863 1773 926 καὶ
1788 850 1941 950 ἀνδράσιν,
1964 882 1994 946 p.
2011 859 2082 927 387.
2098 861 2133 928 B.
2162 863 2292 927 Praeter

468 984 520 1045 aa,
542 983 620 1047 quae
643 964 778 1048 expungi
799 965 893 1026 iussit
913 963 1020 1054 Plato,
1039 970 1144 1028 cetera
1164 965 1196 1028 iu
1219 964 1318 1049 pottis
1340 983 1403 1029 οοο
1424 963 1517 1029 modo
1539 966 1766 1049 vituperatione
1789 969 1915 1046 carent,
1937 963 1993 1028 sed
2013 963 2179 1028 laudentur
2194 963 2290 1028 etiam

469 1064 554 1130 velut
576 1085 613 1128 ea
634 1085 713 1148 quae
736 1063 774 1128 de
798 1067 991 1130 coutinentia
1011 1067 1209 1151 praecipiunt
1229 1070 1339 1151 potitae
1360 1066 1393 1128 iu
1417 1065 1569 1130 conviviis
1592 1072 1624 1129 et
1644 1067 1679 1130 in
1701 1065 1794 1130 rebus
1813 1066 1956 1130 venereis
1981 1064 2152 1150 probanda.
2190 1069 2290 1144 Quam

466 1187 540 1232 vero
555 1186 722 1231 censuram
736 1169 800 1249 agit
814 1167 1047 1232 severissimam
1062 1167 1100 1232 de
1115 1167 1192 1232 locis
1208 1166 1396 1251 quibusdam
1417 1169 1606 1249 carminum,
1627 1167 1760 1232 eandem
1775 1174 1901 1232 exercet
1919 1169 1953 1231 in
1972 1167 2137 1251 generibus
2158 1170 2290 1254 pcb'ticis

467 1275 521 1333 aut
535 1267 792 1334 commendandis
808 1275 863 1332 unt
877 1269 1060 1346 reiciendis3
1084 1277 1115 1332 et
1129 1268 1169 1333 ad
1184 1268 1344 1353 publicam
1358 1267 1602 1334 adulescentium
1620 1269 1837 1336 educationem
1852 1269 2025 1354 respiciens
2046 1269 2198 1335 libentius
2220 1291 2291 1336 eam

467 1371 665 1458 amplectitur
691 1377 806 1451 artem,
841 1391 918 1454 qnae
946 1378 1013 1436 tota
1037 1373 1072 1434 iu
1099 1369 1331 1436 narrationibus
1352 1377 1510 1453 versatur,
1538 1392 1631 1456 quam
1654 1391 1734 1455 quae
1756 1391 1812 1456 per
1836 1373 2044 1436 imitationem
2066 1373 2198 1437 actionis
2221 1373 2290 1451 fiat;

466 1472 640 1538 imitatione
663 1476 764 1554 enim,
786 1493 864 1556 quae
888 1492 925 1536 ex
948 1475 1054 1558 pueris
1077 1477 1276 1554 exerceatur,
1301 1493 1403 1538 mores
1431 1476 1520 1556 quasi
1541 1473 1628 1538 infici
1651 1473 1807 1540 erroribus
1829 1485 1861 1535 et
1881 1476 2038 1558 propriam
2060 1479 2205 1538 naturam
2226 1495 2290 1539 non

467 1573 595 1658 quidem
615 1575 705 1639 furca
726 1573 781 1639 sed
806 1573 930 1638 blandis
952 1574 1073 1638 alienae
1095 1575 1211 1638 mentis
1234 1573 1474 1657 cogitationibus
1497 1577 1522 1639 si
1545 1594 1609 1639 nou
1630 1594 1757 1659 prorsus
1779 1574 1909 1658 expelli,
1938 1580 1971 1637 at
1992 1573 2053 1639 hnc
2077 1583 2108 1638 et
2128 1575 2203 1640 illuc
2225 1583 2289 1642 tor·

468 1679 555 1760 queri
578 1681 610 1740 et
630 1677 715 1740 flecti
738 1676 788 1759 ida
803 1697 868 1761 rep.
883 1676 937 1742 III.
961 1697 991 1760 p.
1008 1676 1080 1740 395.
1103 1672 1122 1746 ἢ
1145 1677 1200 1738 οὐκ
1221 1671 1350 1764 ᾔσθησαι
1372 1677 1419 1740 ὅτι
1441 1681 1472 1738 αἱ
1486 1676 1640 1765 μιμήσεις,
1664 1675 1715 1740 ἰσὶν
1737 1679 1772 1740 ta
1793 1674 1868 1738 νέων
1881 1675 1980 1764 πόρρω
2002 1666 2227 1757 διατελέσωσιν,
2250 1683 2291 1753 εἰς

467 1776 520 1849 ἔθη
546 1800 582 1841 τε
603 1781 654 1841 καὶ
681 1779 765 1866 φύσιν
792 1775 989 1841 καθίστανται
1015 1779 1066 1840 καὶ
1093 1777 1173 1841 κατὰ
1201 1787 1289 1866 σῶμα
1315 1779 1367 1841 καὶ
1394 1777 1493 1866 ρωνάς
1519 1779 1569 1842 καὶ
1591 1777 1672 1840 κατὰ
1692 1777 1749 1848 τὴν
1775 1766 1943 1860 διάνοιαν).
1985 1777 2062 1842 Eam
2084 1779 2123 1844 ob
2146 1799 2291 1844 caussam

465 1882 576 1964 tragici
600 1888 631 1944 et
654 1875 771 1945 comici‘
786 1885 895 1964 poetae
918 1900 957 1942 ex
978 1879 1053 1944 ficta
1072 1880 1128 1942 illa
1149 1881 1275 1944 civitate
1303 1879 1474 1962 eiciuntur,
1496 1887 1528 1943 et
1549 1900 1625 1964 quos
1648 1887 1793 1944 strenuos
1814 1882 1897 1944 viros
1920 1901 1956 1944 ac
1978 1879 2093 1965 probos
2115 1881 2183 1944 lieri
2205 1882 2291 1946 desi-

467 1982 628 2064 daremus,
649 1985 689 2046 iis
711 1985 891 2067 permittere
913 1987 1056 2045 vetamur
1077 1981 1268 2046 imitationes
1290 1981 1457 2046 mulierum
1478 1981 1528 2045 vel
1550 1984 1715 2064 iuvenum,
1743 1983 1797 2065 qui
1822 1980 1873 2046 vel
1901 1981 2047 2048 secundis
2068 1981 2127 2046 'vol
2149 1981 2291 2046 adversis

459 2086 559 2160 rebus
587 2084 735 2148 facillime
764 2105 784 2147 a
809 2082 1022 2148 moderatione
1049 2090 1081 2146 et
1106 2084 1316 2168 temperantia
1342 2089 1531 2160 avertentur.
1578 2083 1697 2148 Eodem
1726 2083 1842 2148 iudicio
1872 2081 1954 2167 quod
1982 2083 2016 2147 iu
2043 2084 2184 2148 artificiis
2211 2085 2292 2149 nihil

466 2193 587 2271 spectat
607 2187 669 2250 nisi
692 2187 873 2267 honestum,
900 2185 989 2250 Plato
1012 2185 1109 2249 utitur
1136 2192 1169 2248 et
1194 2187 1229 2248 iu
1254 2185 1355 2250 modis
1384 2185 1600 2268 recensendis,
1627 2184 1802 2269 exquibus
1829 2187 1891 2250 nisi
1912 2185 2041 2250 Doricos
2068 2190 2100 2248 et
2120 2185 2291 2269 Phrygicos

465 2289 575 2354 modos
602 2290 635 2352 iu
663 2287 832 2352 educandis
860 2286 1115 2352 adulescentibus
1144 2285 1246 2352 nullos
1275 2286 1428 2368 admittit,
1462 2294 1493 2352 et
1525 2290 1558 2352 iu
1584 2288 1715 2352 musicis
1746 2287 1965 2351 instrumentis
1998 2287 2217 2369 aestimandis,
2252 2310 2290 2352 ax

466 2391 580 2474 quibus
608 2389 709 2474 lyram
737 2388 952 2454 tautummodo
980 2396 1014 2452 et
1042 2388 1193 2453 citharam
1222 2395 1310 2470 aptos
1340 2409 1409 2454 esse
1438 2394 1546 2454 censet
1574 2389 1613 2453 ad
1644 2387 1788 2454 custodes
1821 2388 1920 2463 urbis,
1940 2388 2036 2473 probe
2068 2389 2290 2455 instituendos.

466 2492 595 2573 Omnia,
617 2511 695 2575 quae
718 2490 756 2555 ad
779 2493 925 2556 inertiam
948 2497 980 2554 et
1000 2489 1164 2556 mollitiem
1186 2509 1285 2574 usque
1308 2493 1429 2555 animos
1451 2490 1699 2582 adulescentium
1720 2490 1825 2555 laxare
1842 2497 1873 2554 et
1887 2491 2029 2573 frangere
2045 2497 2191 2576 possunt,
2212 2494 2290 2573 iure,

468 2599 503 2657 ut
524 2596 649 2678 opinor,
670 2593 875 2679 repudiantur
898 2608 928 2656 et
949 2595 1123 2658 coiciuntur
1145 2592 1196 2678 (da
1217 2593 1294 2679 Rep.
1317 2593 1352 2658 X.
1376 2613 1406 2678 p.
1430 2591 1628 2674 605-608).

617 2697 700 2774 Quae
723 2694 815 2760 modo
838 2717 857 2758 a
877 2694 1023 2777 Platone,
1051 2693 1156 2758 divino
1178 2693 1231 2758 illo
1253 2693 1453 2779 philosopho,
1481 2696 1564 2760 docti
1591 2694 1825 2780 proposuimus,
1853 2715 1890 2757 ea
1917 2694 2002 2760 nullo
2030 2693 2089 2758 alio
2115 2699 2191 2760 moti
2216 2716 2290 2760 con-

465 2798 535 2864 silio
562 2800 792 2881 congessimus,
824 2797 887 2861 nisi
915 2803 951 2860 ut
978 2796 1143 2861 Platonem
1168 2799 1204 2861 in
1229 2795 1407 2860 iudicandis
1433 2796 1641 2882 scriptoribus
1667 2817 1732 2860 nou
1758 2801 1841 2860 artes
1864 2795 1918 2860 scd
1941 2796 2115 2860 honestatis
2136 2798 2292 2862 rationem

463 2901 628 2982 habuisse,
661 2919 791 2983 eamque
814 2899 855 2963 ob
878 2919 1022 2964 caussam
1042 2902 1151 2983 poetas
1179 2903 1234 2963 aut
1255 2897 1336 2963 bene
1358 2903 1493 2964 moratos
1514 2898 1658 2963 homines
1680 2897 1848 2982 depingere
1871 2904 1925 2961 aut
1946 2900 2071 2963 omnino
2093 2898 2196 2965 nullm
2217 2921 2294 2964 eum

463 3003 593 3067 iussisse
617 3001 784 3066 doceamus
804 2999 855 3084 (oi.
872 2999 911 3064 de
925 3000 1002 3085 Rep.
1017 3000 1072 3066 111.
1088 3023 1118 3086 p.
1135 2999 1220 3084 401).
1254 3000 1343 3064 Hanc
1366 3020 1456 3065 snam
1472 3002 1661 3064 senteutiam
1675 2999 1760 3064 idem
1782 3003 1816 3064 in
1838 2998 1908 3064 aliis
1931 2999 2129 3064 sermonibus
2149 3001 2293 3086 protulit,

464 3103 518 3169 nbi
541 3102 580 3168 de
602 3107 765 3188 podtarum
787 3101 979 3167 carminibus
1001 3105 1074 3185 egit
1118 3102 1225 3183 Lucia,
1248 3122 1326 3186 quos
1349 3122 1389 3165 ex
1409 3101 1449 3166 iis
1471 3101 1680 3190 deprompsit,
1700 3101 1789 3167 Plato
1811 3121 1866 3186 pro
1889 3104 2081 3186 argumentis
2102 3104 2218 3185 utitur,
2252 3104 2292 3168 de
2403 3183 2404 3194 ρ

465 3205 580 3288 quibus
608 3211 752 3288 quaerat,
774 3211 881 3269 utrum
903 3211 987 3269 recte
1015 3225 1055 3268 an
1077 3203 1155 3268 ialse
1178 3203 1216 3268 de
1239 3201 1426 3286 virtutibus,
1453 3211 1508 3269 aut
1527 3204 1658 3268 honeste
1680 3225 1721 3268 au
1743 3203 1908 3268 inhoneste
1932 3202 1971 3267 de
1994 3204 2106 3269 ciliciis
2127 3204 2293 3270 homiuum
2403 3285 2404 3294 ρ

465 3309 670 3390 cogitaverint
690 3311 810 3393 podtaa.
2403 3295 2404 3304 ¹

616 3409 713 3473 Totus
734 3411 830 3492 igitur
850 3409 883 3472 in
906 3407 1022 3472 indicio
1045 3406 1084 3471 de
1105 3411 1270 3491 poetarum
1292 3407 1453 3472 honestate
1475 3413 1645 3492 occupatus
1667 3415 1717 3471 est
1738 3427 1838 3491 quum
1858 3410 1892 3472 iu
1908 3407 2087 3472 Simoniden
2110 3407 2163 3473 illo
2185 3408 2232 3472 ὅτι
2254 3409 2291 3472 τὰ

463 3510 504 3574 τοὶ
526 3511 706 3599 ὀφειλόμενα
728 3509 847 3592 ἑκάστῳ
866 3498 1043 3572 ἀποδιδόναι
1065 3497 1180 3572 δίκαιον
1196 3510 1275 3572 ἐστιν
1295 3509 1346 3594 (de
1364 3509 1441 3594 Rep.
1457 3509 1487 3591 l,
1501 3531 1531 3594 p.
1548 3509 1643 3592 331.),
1664 3517 1733 3596 turp
1754 3512 1787 3573 in
1802 3509 1936 3574 Pindaro
1952 3507 2084 3594 (Manen.
2099 3530 2130 3595 p.
2147 3509 2197 3575 81.
2214 3533 2242 3576 a
2259 3511 2289 3576 b.
2403 3519 2404 3550 l

464 3614 540 3698 Rep.
556 3615 580 3677 Ι.
595 3635 625 3698 p.
641 3613 725 3696 331.)
744 3621 777 3675 et
789 3615 824 3677 in
837 3611 1006 3696 Euripiden
1021 3610 1075 3675 illo
1090 3612 1177 3698 σοροὶ
1190 3610 1326 3700 τύραννοι
1340 3620 1403 3674 τῶν
1417 3619 1516 3698 cepoe
1531 3611 1670 3694 συνουσίᾳ
1684 3611 1811 3695 (Theag.
1828 3633 1857 3696 p.
1876 3611 1945 3677 125.
1968 3613 2045 3696 Rep.
2061 3611 2142 3675 Vlll.
2157 3633 2188 3697 p.
2205 3611 2290 3696 568.)
2403 3589 2404 3608 ¹

464 3714 678 3798 Theognidem
701 3713 762 3779 sibi
784 3734 846 3778 nou
870 3714 1049 3778 constitisse
1073 3711 1267 3777 demonstrat
1287 3716 1320 3776 in
1337 3713 1470 3778 Marione
1492 3734 1523 3798 p.
1539 3713 1589 3778 et.
1607 3710 1637 3776 d.
1661 3733 1738 3797 seq,
1761 3718 1793 3777 et
1814 3712 1853 3776 de
1869 3712 2042 3778 Simonidei
2064 3715 2212 3778 carminis
2227 3733 2291 3778 uon

464 3823 531 3881 arte
553 3816 608 3882 sed
631 3816 786 3901 sapientia
808 3816 1020 3900 disputantem
1042 3814 1118 3878 iacit
1137 3815 1340 3898 Protagoram
1367 3817 1401 3879 in
1427 3814 1480 3879 illo
1508 3835 1666 3895 sermone,
1693 3815 1749 3900 qui
1776 3814 1816 3879 ab
1839 3835 1875 3880 eo
1902 3815 2081 3880 nominatus
2103 3820 2159 3880 est.
2206 3816 2290 3892 Quae
2403 3859 2404 3872 ι

464 3918 607 4004 exempla
628 3919 682 4002 qui
703 3917 836 3982 voluerit
856 3916 948 3980 facile
971 3915 1112 3998 augebit3
1146 3917 1291 4000 equidem
1319 3919 1396 3981 satis
1423 3937 1492 3981 esse
1520 3938 1557 3980 σο
1578 3917 1713 3982 arbitror
1734 3916 1774 3980 ad
1797 3915 2093 3998 demonstrandum,
2125 3916 2291 3982 Platonem
2403 3933 2404 3998 }

463 4024 624 4103 podtarum
645 4021 731 4084 locos
752 4039 816 4083 nou
838 4018 1022 4085 adhibuisse
1045 4021 1107 4083 nisi
1127 4021 1161 4082 iu
1183 4018 1293 4083 morali
1314 4017 1527 4104 philosophiae
1549 4026 1646 4103 parte.
1692 4020 1753 4096 Qui
1769 4025 1876 4082 autem
1890 4018 2053 4104 Sophistas
2068 4038 2191 4103 quoqne
2206 4019 2288 4084 idem
2403 4081 2404 4102 ρ

464 4122 629 4188 consilium
651 4141 721 4188 esse
744 4126 866 4186 secutos
889 4141 928 4184 ex
942 4121 1128 4204 Protagorae
1150 4119 1362 4205 disputatione
1385 4123 1452 4184 iure
1475 4121 1536 4186 sibi
1559 4122 1730 4185 coniecisse
1752 4120 1925 4202 videbitur,
1946 4124 1974 4186 is
1996 4141 2047 4185 me
2064 4127 2290 4205 repugnantem

464 4227 542 4289 scito
564 4245 597 4288 sa
619 4245 684 4288 nou
706 4222 885 4287 habiturum
908 4243 993 4303 esse,
1015 4222 1107 4287 modo
1129 4225 1319 4304 consentiat,
1342 4221 1502 4287 Socratem
1523 4223 1606 4307 apud
1620 4221 1784 4288 Platonem
1806 4222 1840 4286 in
1861 4224 1963 4307 podiis
1985 4223 2064 4286 nihil
2086 4221 2171 4286 aliud
2191 4241 2288 4305 quae·

464 4327 559 4405 sisse,
581 4328 643 4390 nisi
671 4344 734 4409 qua
759 4327 878 4389 ratione
899 4327 1017 4388 versati
1039 4334 1147 4388 essent
1172 4327 1207 4388 iu
1236 4323 1413 4390 definiendo
1435 4345 1472 4389 co
1495 4323 1576 4408 quod
1598 4330 1683 4389 esset
1704 4323 1887 4407 honestum,
1908 4327 1953 4389 ita
1974 4331 2009 4387 ut
2030 4327 2063 4387 in
2085 4323 2143 4388 hac
2167 4343 2288 4407 quoque

463 4429 587 4512 poitica
608 4429 677 4492 aius
698 4425 914 4512 philosophiae
936 4432 1025 4510 parte
1047 4425 1150 4490 valeat
1171 4425 1433 4511 Xenophonteum
1453 4425 1531 4491 illud
1553 4423 1625 4488 Tne
1646 4414 1680 4488 δὲ
1702 4423 1867 4514 Σωκράτην
1888 4425 2130 4516 γιγνωσκόντων,
2161 4420 2222 4501 οἶος
2242 4419 2287 4506 ἦν,

463 4534 491 4592 ot
513 4531 619 4617 ἀρετ-ῆς
641 4528 788 4618 ἐφιέμενοι
808 4531 918 4602 πάντες
948 4533 993 4592 ἔτι
1019 4527 1070 4590 καὶ
1092 4537 1143 4590 νῦν
1166 4517 1330 4592 ducatuum
1355 4527 1477 4592 πάντων
1500 4526 1633 4616 μάλιστα
1653 4525 1814 4603 ποθοῦντες
1835 4532 1962 4608 ἐκεῖνον,
1992 4532 2031 4603 ὡς
2053 4527 2288 4617 ὠφελιμώτατον

429 4633 433 4644 “
463 4630 536 4693 ὄντα
557 4630 628 4718 πρὸς
650 4633 756 4719 ἀρετῆς
779 4629 956 4719 ἐπιμέλειαν.
980 4627 1082 4714 (Mem.
1106 4629 1157 4694 IV.
1181 4628 1216 4711 8,
1240 4631 1299 4714 11.)

613 4733 699 4798 Num
720 4735 816 4798 ceteri
838 4721 1006 4812 Socratici,
1034 4731 1211 4815 quicunqne
1239 4732 1277 4796 de
1299 4735 1399 4818 positis
1429 4740 1462 4795 et
1483 4731 1521 4796 de
1543 4735 1630 4818 podsi
1653 4734 1865 4817 scripserunt,
1887 4733 2044 4797 Critonem
2068 4732 2137 4796 dico
2161 4730 2199 4795 de
2222 4737 2288 4795 arte

462 4835 585 4921 politica
607 4834 705 4918 (Diog.
721 4833 754 4900 L.
771 4835 802 4917 2,
826 4833 876 4917 13,
892 4832 947 4917 3.),
969 4833 1129 4898 Simonem
1151 4831 1190 4898 do
1212 4833 1314 4918 politis
1337 4833 1434 4920 (Μ.
1451 4834 1560 4917 2,14‚
1582 4833 1634 4918 2.),
1656 4841 1688 4898 et
1709 4836 1737 4899 si
1758 4834 1826 4899 Nic.
1842 4833 1958 4899 Bachio
1980 4854 2050 4919 pag.
2066 4833 2106 4898 99
2129 4831 2207 4896 fides
2230 4839 2289 4914 ast,

463 4937 593 5002 Oritiam
614 4937 812 5022 disputantes
833 4936 920 5008 idem
941 4935 1107 5000 consilium
1129 4937 1231 4998 secuti
1253 4937 1335 5017 siut,
1356 4956 1412 5021 pro
1435 4941 1520 5001 certo
1543 4938 1647 5000 evinci
1668 4938 1793 5020 nequit,
1810 4957 1914 5020 *quum
1928 4955 2031 5019 neque
2046 4937 2167 5017 integer
2182 4954 2290 4998 comm
2403 4965 2404 4986 ι

462 5039 542 5104 ullus
562 5046 648 5105 extet
661 5039 788 5105 libellus
803 5045 837 5103 et
850 5059 889 5102 ex
903 5057 1013 5102 corum
1025 5036 1168 5121 reliqniis
1183 5037 1384 5122 paucissimis
1398 5059 1500 5123 pauca
1515 5038 1731 5103 tautummodo
1748 5040 1915 5104 coniectari
1930 5043 2055 5121 queant.
2091 5035 2290 5101 Credendum

461 5161 535 5206 vero
557 5148 606 5206 eat
625 5142 845 5207 historicarum
865 5141 1085 5224 quaestionum
1106 5137 1187 5204 nihil
1207 5139 1241 5202 in
1262 5141 1303 5204 iis
1318 5140 1424 5205 luisse.
1461 5139 1521 5206 Eas
1537 5142 1619 5204 enirn
1637 5141 1776 5206 omnium
1799 5141 1919 5224 primns
1941 5141 2079 5206 instituit
2091 5136 2286 5203 Aristoteles.
