4866 6178
963 381 1173 457 ..47-

155 568 225 635 ἀλλ’
246 574 302 634 aba
324 568 499 658 ὲτρθρησεν,
527 571 620 658 ὥςπερ
643 572 761 635 ὲιιιῖνοι·
794 559 865 634 οὐδὲ
886 568 939 632 cdv
960 565 1142 656 Ἀγησιλάου
1168 577 1222 630 τοῦ
1244 557 1496 658 Λακεδαιμονίων
1518 566 1675 650 βασιλέως,
1704 570 1786 632 ἀλλὰ
1808 573 1938 658 μᾶλλον,
1967 573 1993 632 ει
2090 629 2093 632 .

154 679 260 762 ἔτυχε,
286 672 340 736 τὰν
362 670 505 752 ’,Ανάνιος
535 672 629 747 ntea<
658 671 790 794 ἀοράτου
817 670 899 734 κατὰ
928 659 1063 744 δόξαν
1046 688 1145 742 οντος·
1180 658 1252 732 οὐδὲ
1277 670 1332 732 τιν
1357 679 1419 733 τῶν
1447 667 1578 759 ἡμιθέων
1607 682 1669 735 τῶν
1690 673 1738 736 ἐπὶ
1761 669 1884 796 Τροίας,
1912 671 1993 734 ἀλλὰ

37 783 43 798 ’
153 779 262 857 πολλῷ
285 776 402 864 μᾶλλον
422 785 484 838 τῶν
506 784 569 838 νῦν·
602 775 654 837 ιιαὶ
680 772 762 836 τοῦτ’
785 773 920 848 ιικότως·
948 769 1042 860 ὁμὲν
1063 771 1105 860 γᾶ
1107 794 1122 859 ρ
1145 769 1351 846 ιἰιιατάσαευος
1372 773 1423 835 aab
1445 769 1617 860 καθάπερ
1602 773 1765 862 ανάριιιτος
1788 797 1825 844 ην
1847 773 1908 837 οὔτ’
1931 775 1994 838 ἑπι-

25 907 26 912 “
72 885 74 890 ’
154 870 254 966 μιξίας
276 877 364 951 οὔσης
386 877 457 940 οὔτε
478 884 540 938 τῶν
553 865 715 962 τεχνῶνδ
716 896 766 944 ιηιι
768 874 946 962 ριβωμένων
970 862 1044 937 ddi
1064 874 1202 937 πᾶσανὲ
1203 863 1381 962 ξηριιιμένος
1402 875 1473 962 πρὸς
1496 875 1649 963 ῥᾳστώνην
1664 877 1715 946 καὶ
1736 876 1806 963 πρὸς
1829 876 1993 939 ἀπόλαυσιν

155 981 209 1042 ιιαὶ
230 1003 253 1042 π
254 978 300 1074 ρρις
321 977 377 1052 τοὶς
399 976 494 1053 ἄλλας
517 966 678 1066 διαγωγάς.

310 1081 441 1146 Rectam
470 1080 520 1143 sui
543 1081 767 1143 conscientiam
794 1081 883 1161 quasi
911 1078 1029 1142 lentem
1052 1097 1145 1141 verae
1168 1097 1238 1142 esse
1260 1077 1447 1193 voluptatis,
1475 1099 1513 1142 ex
1536 1099 1572 1143 eo
1596 1099 1720 1163 qnoque
1743 1037 1993 1146 Chamaeleontis

155 1184 230 1249 libri
252 1182 319 1249 loco
342 1181 540 1247 desuniit
487 1190 540 1266 po
541 1190 601 1246 en
606 1183 691 1264 ,qui
715 1187 763 1244 est
785 1179 867 1265 apud
883 1181 997 1246 Athen
1013 1180 1094 1244 VIII.
1119 1175 1295 1264 p..,348e
1302 1180 1363 1243 nisi
1386 1199 1519 1263 aequam
1537 1181 1993 1245 inadversisrebusmentem

25 1277 26 1282 ¹
156 1285 316 1350 laudatam
338 1304 408 1348 esse
431 1304 470 1367 po
472 1286 547 1348 tius
559 1285 711 1364 canicies,
733 1302 797 1366 qua
818 1283 883 1346 vita
905 1280 997 1346 beata
1019 1287 1104 1345 esset
1126 1288 1281 1346 contenta.
1314 1281 1391 1345 Eam
1414 1285 1497 1346 enim
1521 1283 1696 1366 Aeschylus
1719 1283 1873 1366 probavit,
1895 1285 1999 1366 q'uum,

156 1388 197 1452 ab
220 1385 399 1468 aduersario
423 1385 613 1468 quodamin
637 1387 997 1469 certamine.snperatus
1019 1383 1143 1448 fabulae
1166 1403 1240 1448 suas
1262 1403 1363 1466 aequa
1384 1391 1489 1448 mente
1506 1385 1650 1472 Temperi
1668 1386 1871 1469 iustitiaeque
1887 1373 1993 1449 saclas

157 1510 227 1555 esse
254 1491 401 1554 iussisset
422 1495 455 1550 et
475 1487 664 1570 reliquisset.
709 1483 880 1612 Φιλιρορος
903 1475 927 1548 δ’
950 1479 1168 1556 dasoundam
1191 1490 1208 1549 ὀ
1231 1484 1390 1573 augona,
1417 1483 1448 1559 ὃς
1470 1488 1521 1549 ιιαὶ
1541 1485 1681 1561 ἡττηθεὶς
1703 1477 1813 1561 ἀδίκως
1834 1485 1924 1565 ποτὲ,
1954 1491 1993 1562 ὡς
2041 1483 2091 1552 05.

155 1586 392 1680 Θεόρραστοςῆ
414 1586 598 1714 Χαμαιλέων
621 1589 717 1671 ἐντῷ
739 1589 805 1676 περι
831 1577 940 1664 videon<
962 1591 1093 1677 εἴρηκεν,
1120 1593 1193 1672 ἐφη,
1222 1589 1317 1675 χρόνῳ
1344 1587 1398 1662 τιὶς
1424 1577 1596 1678 τραγῳδίας
1622 1585 1806 1666 ἀνατιθέναι,
1836 1581 1921 1663 εἰδὼς
1948 1588 1994 1652 ὅτι

155 1703 309 1782 κομιεῖται
330 1691 385 1762 την
406 1714 444 1779 πρ
446 1691 613 1762 οσηιιουσαν
634 1690 732 1777 τιμήν.

309 1714 518 1876 Aeschylenm
551 1792 631 1856 illud
663 1794 838 1877 respexisse
866 1791 991 1858 videtur
1020 1791 1065 1856 ad
1092 1792 1272 1871 victoriam,
1305 1812 1400 1876 quam
1427 1791 1598 1876 Sophocles
1630 1791 1669 1857 de
1703 1813 1739 1857 eo
1762 1798 1992 1880 reportaverat.

116 1967 120 1980 ,
154 1897 249 1962 Illam
272 1895 356 1960 enim
378 1893 455 1960 adeo
470 1894 650 1978 Aeschyli
640 1915 720 1958 uram
743 1897 896 1978 movisse,
918 1899 953 1958 ut
973 1893 1229 1976 indignabundus
1250 1893 1366 1957 multas
1380 1896 1519 1958 mitteret
1534 1915 1637 1974 voees
1658 1895 1750 1960 testis
1770 1905 1836 1958 erat
1852 1895 1882 1958 Ic
1898 1893 1994 1958 Chius

156 1998 208 2079 (cl.
232 2018 282 2062 me
305 1996 343 2061 de
366 1997 439 2062 Ione
455 1996 531 2061 Chio
553 2000 645 2082 potita
660 2017 690 2080 p.
707 1995 759 2077 5.,l
784 2002 968 2080 constatque
992 2017 1029 2060 ex
1044 1996 1119 2060 Plu
1120 1996 1204 2060 arch.
1222 1995 1259 2059 de
1276 1995 1347 2060 aud.
1363 1996 1498 2081 po'et..X
1522 1998 1561 2061 de
1576 1997 1702 2081 prolia
1719 1999 1823 2062 virtut.
1841 1997 1934 2079 VIII,
1942 1985 1993 2060 Nx

156 2099 291 2166 Stobaeo
313 2099 391 2164 Flor
407 2099 493 2180 XIX,
508 2097 559 2163 89.
582 2119 612 2184 p.
629 2099 704 2180 206,
719 2099 770 2164 50.
795 2099 890 2164 Gaisf.
907 2097 991 2184 Lips.
1862 2137 1872 2186 ρ

936 2335 1017 2400 XVI.
1045 2335 1097 2400 De
1119 2335 1213 2401 Diis.

310 2506 530 2593 Theopompus
558 2527 655 2591 quum
677 2507 754 2572 dicit
780 2509 863 2571 inter
885 2507 1020 2573 Graecos
1042 2507 1179 2591 primurn
1201 2504 1404 2588 Pherecyden
1428 2506 1466 2571 de
1487 2473 1558 2570 niis'
1579 2509 1743 2592 scripsisse
1767 2505 1869 2589 (lliog.
1891 2506 1993 2571 bairi.

157 2609 306 2694 1,116),
335 2609 374 2674 de
402 2611 470 2676 eius
496 2607 576 2674 libro
598 2607 749 2698 Θεογονία
776 2609 930 2694 inscripto
953 2611 1083 2692 cogitat,
1111 2627 1203 2692 quem
1232 2629 1295 2673 ncn
1325 2629 1364 2672 ex
1386 2608 1476 2673 titulo
1497 2608 1554 2673 sed
1579 2629 1617 2672 ex
1640 2615 1822 2692 argumento
1846 2609 1993 2672 laudavit

156 2657 214 2795 (cl.
231 2711 333 2776 Stura.
349 2711 388 2776 de
402 2709 530 2776 Pherec.
547 2710 595 2775 ed.
611 2711 650 2776 II.
666 2733 696 2796 p.
712 2710 775 2794 28.)
797 2710 882 2776 Libri
897 2731 971 2776 vero
971 2710 1111 2796 ,quibus
1125 2732 1192 2798 περι
1181 2707 1283 2774 ὶθιῶν
1297 2711 1380 2776 indit
1367 2719 1418 2776 tus
1433 2717 1482 2774 est
1495 2709 1607 2775 titulus
1629 2710 1850 2794 posterioribus
1867 2711 1994 2774 demum

155 2813 351 2900 temporibus
373 2815 586 2878 inveniuntur.
620 2813 775 2896 Diogenes
795 2813 970 2878 Ladrtius
962 2834 995 2877 m
1017 2812 1219 2878 recensendis
1243 2813 1495 2900 philosophorum
1521 2813 1608 2879 libris
1631 2813 1712 2876 inter
1728 2812 1865 2877 Simonis
1881 2812 1993 2877 Socra-

154 2915 212 2982 tici
240 2911 396 2989 σιιυθιιιους
424 2895 584 3004 διαλόγους
605 2935 701 2980 unum
724 2918 846 2980 invenit
874 2917 940 3004 περὶ
964 2913 1039 2978 θεῶν
1061 2916 1124 2996 (II,
1145 2915 1195 2996 14,
1217 2915 1276 2998 2.),
1306 2918 1388 2979 inter
1410 2914 1576 3000 Speusippi
1600 2913 1760 2979 volumina
1779 2915 1845 3002 περὶ
1868 2909 1994 2976 θεῶν’
1965 2937 1987 2976 α

155 3017 357 3101 )ιι’,1,11.,)
379 3019 461 3081 mter
474 3016 658 3082 Xenocratis
679 3019 745 3105 περὶ
768 3014 845 3080 θεῶν
867 3013 895 3082 α’
897 3014 948 3100 ,β’
970 3017 1035 3099 (IV,
1050 3018 1069 3081 2
1075 3016 1158 3098 ,.9);
1181 3017 1265 3082 idem
1288 3039 1326 3081 ex
1346 3016 1564 3102 Peripateticis
1584 3016 1834 3102 Theophrastum
1857 3016 1996 3080 laudavIt

155 3119 350 3185 conditorem
371 3118 677 3188 triumvoluminum
701 3120 822 3184 deDiis
845 3119 945 3202 (V„2
962 3119 1035 3202 13),
1057 3139 1137 3203 quae
1160 3141 1179 3182 a
1201 3120 1324 3186 duobus
1346 3119 1417 3183 aliis
1441 3119 1529 3183 libris
1551 3127 1658 3203 aperte
1681 3119 1840 3198 distiant,
1869 3118 1908 3182 ab
1931 3139 1994 3183 uno

154 3221 296 3310 ἐγκώμια
317 3217 394 3284 θεῶν
420 3224 589 3307 inscripto,
616 3229 648 3285 et
669 3244 688 3286 a
710 3243 766 3285 ser
792 3231 847 3295 της
868 3230 930 3284 τῶν
951 3222 1017 3310 περὶ
1038 3221 1074 3284 τὰ
1098 3218 1176 3284 θεῖον
1198 3223 1341 3310 ιστορίαςς
1368 3230 1435 3285 tum
1458 3219 1642 3286 Strabonem
1667 3221 1915 3306 Lampsacenum
1939 3243 1993 3286 er-

152 3322 263 3388 hibuit
283 3329 442 3388 auctorem
464 3326 560 3388 trium
583 3323 621 3388 de
638 3323 705 3387 llus
726 3322 877 3388 librorum
900 3323 948 3407 (V,
963 3323 983 3388 3
989 3324 1066 3407 ,4),
1088 3344 1126 3387 οι
1149 3321 1263 3388 Stoicis
1287 3323 1400 3388 derude
1417 3323 1599 3388 Cleanthem
1622 3323 1706 3407 (VII,
1728 3323 1747 3386 5
1754 3326 1825 3406 ,6)
1849 3331 1880 3386 et
1895 3323 1994 3405 Chry

153 3426 299 3511 sippum,
327 3403 417 3490 cuius
445 3424 483 3490 de
505 3427 573 3491 Diis
600 3425 681 3490 liber
703 3446 766 3490 non
788 3427 893 3492 minus
915 3425 1063 3491 undecIm
1084 3424 1300 3490 voluminibus
1323 3425 1544 3490 continebatur
1566 3425 1648 3500 (Vll,
1665 3427 1680 3487 l
1690 3425 1789 3508 1,·2..)
1834 3424 1993 3489 Posidonii

151 3528 275 3593 librum
297 3527 336 3593 de
358 3529 426 3593 Diis
447 3527 588 3592 laudavit
608 3527 694 3610 Diog.
716 3527 817 3593 Lae'rt.
834 3529 907 3610 VII,
925 3528 958 3608 l,
974 3529 1041 3608 72,
1064 3529 1154 3592 cuius
1175 3528 1220 3591 ibi
1243 3530 1395 3612 primum,
1418 3535 1450 3591 et
1472 3527 1544 3606 VII,
1561 3530 1590 3608 1,
1602 3527 1663 3607 70,
1685 3529 1813 3591 tertium
1836 3526 1995 3590 decimum

151 3630 306 3695 volumen
328 3630 443 3695 attulit.
476 3629 563 3694 Inter
577 3630 706 3714 Epicuri
727 3649 852 3713 quoque
867 3629 1029 3696 volumius
1051 3651 1148 3694 unum
1164 3637 1214 3694 est
1228 3619 1417 3718 Χαιρέδημος
1434 3625 1454 3700 ἢ
1469 3652 1535 3718 περι
1525 3627 1626 3692 θεῶν
1641 3575 1738 3712 ρίιιορ.
1751 3629 1852 3692 Laiirt.
1869 3628 1906 3708 X,
1925 3629 1993 3710 17.)

151 3734 254 3798 Recte
278 3734 420 3796 conicere
435 3729 576 3813 videtur,
593 3732 648 3816 qui
671 3751 709 3796 ex
732 3731 860 3813 ordine,
883 3753 977 3816 quem
999 3734 1032 3797 in
1048 3732 1196 3814 Diogenis
1220 3732 1369 3815 catalogis
1391 3730 1437 3796 illi
1460 3733 1605 3797 obtinent
1620 3730 1707 3811 libri,
1729 3731 1767 3794 de
1785 3737 1898 3794 natura
1915 3730 1993 3795 Ileo-

154 3856 226 3900 rum
241 3855 296 3900 ecs
311 3837 412 3918 egisse
428 3834 622 3918 suspicatum
638 3833 721 3918 quod
737 3854 807 3899 eam
821 3835 861 3900 ob
878 3855 1023 3899 caussam
1039 3854 1258 3915 commemoro,
1274 3835 1347 3918 quia
1362 3844 1530 3917 sequentes
1547 3832 1736 3916 Pherecydei
1753 3832 1824 3897 libri
1841 3834 1995 3897 rationem

155 3958 263 4002 rerum
285 3937 411 4022 quidam
434 3937 618 4021 scriptores,
641 3956 741 4020 quum
763 3935 802 4000 de
816 3934 886 4000 Dite
908 3936 1093 4016 scriberent,
1116 3937 1154 4000 de
1171 3938 1306 4002 Deorum
1328 3937 1475 4020 gentihus
1498 3943 1530 4000 et
1552 3935 1678 4000 familiis
1698 3934 1745 3998 vel
1769 3933 1808 3998 de
1832 3937 1994 3998 nominum
2034 4017 2038 4026 ,

157 4059 265 4104 eorum
287 4039 406 4122 origine
430 4045 575 4122 egerunt,
604 4038 687 4122 quod
709 4037 933 4124 Apollodorum
954 4038 1197 4114 Atheniensem,
1226 4039 1408 4122 Dionysium
1433 4038 1590 4118 Samium,
1616 4037 1783 4103 Seleucum
1806 4035 1994 4100 Alexandri-

156 4162 254 4224 num,
275 4140 441 4207 Octaviani
462 4139 642 4224 aequalem,
665 4147 697 4204 et
718 4141 851 4205 fortasse
876 4159 914 4203 ex
936 4141 1162 4224 posterioribus
1186 4140 1339 4224 quosdam
1363 4131 1631 4205 lecissc‘consnt.

312 4242 520 4307 Chamaeleon
542 4245 581 4306 iis
603 4243 858 4307 adnumerandus
881 4248 947 4322 est,
970 4245 1023 4326 qui
1046 4250 1189 4307 naturam
1211 4244 1345 4307 Deorum
1369 4250 1558 4317 tractarunt3
1583 4242 1727 4306 historice
1744 4263 1816 4306 vero
1840 4240 1995 4324 quaedam

158 4365 239 4430 quae
263 4345 437 4428 quaestioni
460 4346 605 4409 immixta
626 4345 764 4426 inerunt,
787 4346 931 4429 scriptori
954 4347 1070 4430 quippe
1086 4345 1294 4430 Peripatetico
1311 4344 1517 4410 condonanda
1539 4351 1621 4410 sunt.
1652 4345 1745 4409 biber
1760 4347 1827 4408 eius
1851 4343 1994 4408 landatur

157 4447 241 4533 apud
258 4445 451 4512 Clementem
466 4445 715 4510 Alexandrinum
737 4449 770 4510 ιιι
793 4445 906 4512 Strom.
926 4446 1020 4527 1,14.
1043 4468 1073 4531 p.
1089 4446 1161 4512 351.
1186 4448 1265 4512 Pott.
1288 4447 1324 4512 cd
1347 4446 1401 4536 μὲν
1423 4439 1479 4534 οὖνΙ
1496 4443 1588 4536 γνῶθι
1610 4447 1720 4510 cacata
1742 4450 1770 4510 ct
1791 4445 1845 4535 μὲν
1862 4443 1996 4521 Χίλωνος
2042 4444 2093 4509 30.

160 4547 351 4637 ὑπειλήφασι,
373 4546 556 4637 Χαμαιλέων
573 4537 608 4610 δὲ
630 4549 661 4610 ἐν
681 4557 727 4630 τῷ
749 4549 814 4637 περὶ
829 4545 905 4611 θεῶν
919 4546 1041 4624 Θαλοῦ,
1064 4545 1271 4637 Ἀριστοτέλης
1293 4537 1328 4612 δὲ
1349 4559 1403 4623 τῆς
1418 4545 1541 4632 Πυθίας.
1573 4549 1660 4613 Idem
1678 4549 1710 4612 ln
1729 4548 1859 4613 llekkeri
1876 4548 1993 4614 Ilnecd.

160 4649 183 4714 1.
200 4671 229 4735 p.
245 4651 319 4730 233,
335 4651 384 4716 15.
407 4647 505 4713 Γνῶθι
526 4649 650 4712 σαυτόν·
674 4647 870 4740 ἀπόφθεγμα·
892 4654 919 4714 οἱ
941 4638 976 4714 δὲ
998 4651 1077 4735 (lege
1100 4648 1163 4740 μιν)
1184 4647 1334 4724 Χειλωνός
1356 4672 1451 4739 ρασιν.
1483 4645 1653 4740 Ἕρμιππος
1675 4640 1709 4714 δὲ
1724 4649 1842 4739 Δελφὸν
1857 4650 1995 4738 εὐνοῦχόν

160 4771 247 4838 φησιν
268 4751 414 4841 εἰρηκέναι
435 4751 472 4816 τὸ
493 4747 586 4842 γνῶθι
609 4752 719 4816 σαυτόν
740 4748 791 4815 acal
814 4753 844 4816 ἐν
865 4761 910 4834 τῷ
932 4761 995 4834 ναῶ
1017 4745 1185 4841 ἐπιγράψαι.
1217 4749 1402 4841 Χαμαιλέων
1425 4742 1459 4816 δὲ
1473 4751 1581 4818 Θαλοῦ
1603 4774 1690 4841 ρησιν
1709 4749 1783 4816 εἶναι
1803 4757 1858 4822 τὴν
1872 4753 1994 4842 γνώμην

158 4852 282 4924 ταύτην.
304 4891 345 4902 -
374 4855 460 4918 Inter
483 4852 621 4918 Chilonis
651 4852 736 4918 dieta
763 4858 811 4918 est
832 4850 924 4943 γνῶθι
952 4855 1061 4918 σαυτόν
1088 4857 1120 4918 ιι
1144 4855 1269 4918 Arsenii
1293 4854 1403 4920 Viotet.
1432 4877 1462 4940 p.
1485 4857 1563 4936 512,
1593 4858 1675 4919 iuter
1697 4855 1837 4920 Thaletis
1865 4876 1894 4939 p.
1916 4853 1993 4918 513:

160 4957 292 5042 χαλεπὸν
319 4957 427 5020 ἑαυτὸν
452 4966 570 5045 γνῶναι.
617 4955 683 5020 Ηοο
705 4976 779 5020 vero
803 4955 926 5020 Chiloni
953 4957 1103 5021 tribuitur
1124 4976 1143 5019 a
1171 4955 1304 5020 Stobaeo
1328 4959 1358 5020 in
1382 4957 1485 5022 Fleuit.
1507 4957 1591 5038 XXI,
1609 4957 1672 5035 13..
1702 4959 1846 5041 quamvis
1868 4955 1994 5020 Arsenii

159 5059 265 5124 verbis
286 5061 369 5123 inter
390 5059 556 5145 proverbia
578 5060 750 5142 reperiatur
770 5057 852 5140 XXI,
870 5058 936 5137 12.;
957 5057 1121 5122 Thaletem
1143 5066 1301 5123 auctorem
1324 5058 1409 5124 illius
1431 5055 1523 5149 γνῶθι
1545 5063 1655 5122 σαυτιν
1673 5059 1801 5123 exhibet
1816 5059 1994 5123 Paroemio·

161 5159 296 5246 graphas
318 5159 509 5246 inAppend.
528 5159 622 5241 1,80.
655 5159 820 5224 neubon:
843 5161 892 5224 ἐπὶ
912 5169 975 5223 τῶν
989 5159 1061 5248 ὑπὲρ
1083 5149 1208 5249 δύναμιν
1223 5151 1448 5249 ιιομπαζιντων.
1483 5157 1572 5224 Ἐστι
1596 5149 1631 5223 δὲ
1652 5157 1836 5250 ἀπόφθεγμα
1855 5159 1918 5234 ἑνιις
1932 5169 1994 5224 τῶν
