4866 6178
957 405 1168 471 „37-

142 605 177 664 et
199 603 367 686 eptimam,
389 597 528 662 musicae
550 595 692 661 studium
713 597 768 678 iis,
791 596 846 678 qui
866 595 946 660 bene
969 599 1107 658 moratos
1130 597 1162 656 et
1183 613 1253 657 esse
1275 597 1308 656 et
1328 591 1439 658 haberi
1460 612 1494 656 se
1509 591 1637 674 vellent,
1659 591 1799 656 studiose
1822 611 1981 657 commen-

143 702 246 768 daret.
291 703 520 785 Argumentum
546 698 628 764 illud
649 698 869 782 Peripateticis
897 695 1153 780 acceptissimum
1181 701 1256 761 erat.
1306 696 1410 773 Quum
1438 696 1523 758 enim
1545 693 1745 758 Onesicrates
1766 695 1800 758 in
1822 693 1982 759 Plutarchi

142 801 377 890 scriptiuncula
399 801 437 866 de
464 804 587 866 musica
615 799 698 886 cp.2
720 799 792 863 et3
819 819 859 862 ex
881 797 1040 862 sodalibus
1067 800 1245 882 quaereret:
1277 795 1323 870 τίς
1343 805 1461 884 πρῶτος
1483 795 1630 884 ἐχρήσατο
1653 805 1795 884 poectum
1817 833 1857 842 -—
1880 797 1931 859 καὶ
1951 797 1983 860 τί

142 899 213 994 εὗρε
226 905 306 996 πρύς
329 896 450 979 αὔξησιν
471 903 584 978 ταύτης
606 906 623 965 ὁ
644 901 746 990 χρύνος
768 901 819 963 καὶ
840 899 917 974 τίνες
932 889 1084 988 εὐδόκιμοι
1105 898 1248 989 γεγόνασι
1269 907 1330 960 τῶν
1351 897 1407 968 την
1430 897 1574 986 μουσικὴν
1596 897 1762 986 ἐπιστήμην
1777 919 1982 986 μεταχειρισα-

143 1007 255 1096 μένων,
278 1006 359 1069 ἀλλά
382 1007 441 1095 μην
462 1007 514 1068 καὶ
536 1010 576 1078 εἰς
597 1003 677 1068 πόσα
698 1003 750 1065 καὶ
772 1007 812 1076 εἰς
833 1001 900 1065 τίνα
920 1001 1063 1090 χρήσιμον
1077 1001 1114 1064 τύ
1137 989 1337 1088 termimum
1360 999 1401 1063 ad
1423 1019 1460 1063 ea
1480 999 1641 1085 respondit
1654 998 1779 1082 Lysias:
1803 997 1894 1088 Παρὰ
1906 1004 1983 1064 πολ-

141 1113 209 1184 λοῑς
232 1101 416 1188 ἐζητημένον
437 1107 598 1196 πρόβλημα
620 1095 780 1180 ἐπιζητεῖς·
796 1139 838 1150 -
859 1113 921 1167 τῶν
942 1124 977 1166 τε
999 1103 1056 1192 γαρ
1071 1100 1280 1166 Πλατωνικῶν
1302 1105 1330 1164 οἱ
1351 1104 1486 1164 πλεῖστοι
1508 1102 1560 1163 καὶ
1580 1110 1642 1164 τῶν
1659 1101 1719 1164 ἀπὸ
1739 1110 1795 1164 τοῦ
1809 1099 1983 1190 Περιπάτου

143 1211 320 1300 φιλοσόφων
341 1215 369 1274 ol
391 1207 518 1298 ἄριστοι,
544 1209 610 1296 περί
631 1228 666 1269 τε
687 1216 742 1282 τῆς
764 1205 889 1294 ἀρχαίας
911 1214 1054 1294 μουσικῆς
1075 1196 1216 1278 συντάξαι
1240 1192 1428 1267 ἐσπούδασαν
1449 1203 1500 1266 καὶ
1521 1204 1586 1291 περὶ
1607 1212 1661 1278 τῆς
1683 1205 1762 1288 αὐτῇ
1783 1201 1983 1294 γεγενημένης

142 1311 348 1402 παραφθορᾶς.
381 1312 462 1376 Huic
485 1309 663 1393 argumenti
685 1310 864 1393 partitioni,
887 1327 980 1391 quam
1004 1327 1102 1390 quum
1124 1306 1163 1370 ab
1186 1306 1256 1370 aliis
1279 1311 1347 1369 tum
1369 1326 1389 1369 a
1410 1305 1580 1370 Platonicis
1603 1313 1635 1369 et
1648 1306 1850 1388 Pythagoreis
1873 1304 1981 1370 obser·

141 1422 253 1480 vatam
276 1435 345 1480 esse
368 1414 528 1494 docemur,
549 1411 714 1495 reliquiae,
737 1431 815 1494 quas
838 1410 877 1474 de
899 1411 1040 1474 suasoria
1054 1409 1109 1473 illa
1124 1409 1294 1492 scriptione
1309 1427 1474 1492 superesse
1489 1407 1634 1488 arbitror,
1655 1407 1802 1472 facillime
1818 1409 1984 1474 subornari

142 1524 291 1602 possunt.
334 1516 368 1580 Si
390 1518 484 1598 igitur
506 1513 780 1579 Chamaeleontem
802 1515 902 1598 primo
924 1511 992 1576 loco
1015 1510 1054 1575 de
1077 1512 1195 1593 origiue
1218 1512 1357 1574 musicae
1381 1511 1482 1594 egisse
1504 1509 1706 1574 statuendum
1729 1515 1794 1591 est,
1811 1509 1877 1574 huc
1900 1512 1950 1575 rel
1968 1545 1984 1558 -

142 1621 283 1685 rendum
306 1638 374 1683 esse
397 1618 523 1682 videtur
545 1615 624 1681 illud
642 1616 798 1682 Athenaei
819 1615 877 1695 IX,
899 1635 929 1699 p.
945 1613 1067 1694 seua,
1089 1613 1144 1677 ubi
1166 1612 1397 1696 Peripateticus
1420 1618 1531 1676 cantus
1552 1613 1769 1676 inventionem
1791 1610 1921 1676 deduxit
1942 1613 1982 1677 ab

141 1721 326 1786 imitatione
348 1722 468 1800 avium,
492 1740 571 1803 quae
592 1721 627 1783 in
649 1717 799 1782 silvarum
821 1715 990 1782 solitudine
1014 1715 1111 1779 solam
1134 1735 1224 1778 suam
1246 1720 1393 1778 naturam
1408 1721 1576 1798 sequentes
1593 1716 1699 1778 cantui
1720 1734 1847 1800 operam
1862 1713 1982 1780 darent.

141 1824 237 1888 Haec
260 1824 356 1905 igitur
377 1822 558 1907 scriptionis
586 1841 659 1906 pars
687 1819 840 1902 aLysiae
868 1839 1012 1882 sermone
1034 1837 1097 1881 non
1120 1817 1182 1881 fuit
1203 1815 1323 1899 aliena,
1351 1817 1404 1899 qui
1427 1815 1512 1900 apud
1533 1814 1737 1880 Plutarchum
1759 1815 1881 1904 εἰρηκὼς
1903 1816 1984 1880 κατιὶ

143 1914 276 2013 δύναμιν
297 1925 363 2012 περί
384 1946 418 1987 τε
440 1933 494 1997 της
514 1924 633 2011 πρώτης
660 1930 802 2010 μουσικῆς
824 1921 875 1983 καὶ
896 1929 958 1983 τῶν
979 1920 1107 2008 πρώτων
1130 1919 1274 2007 εὑρόντων
1297 1919 1391 1988 αὐτὸν
1413 1919 1464 1981 καὶ
1485 1919 1542 1981 ύπύ
1564 1917 1653 1980 τίνων
1675 1916 1756 1980 κατὰ
1777 1917 1898 2006 χρόνους
1918 1929 1984 1993 ταῖς

141 2016 562 2115 προσεξιυρέσεσινηῦἰηται,
586 2023 746 2090 Sotericho
769 2022 890 2106 reliqua
911 2024 1058 2108 persequi
1081 2021 1286 2107 permitteret.
1319 2021 1351 2085 Is
1373 2023 1468 2103 igitur
1483 2021 1580 2084 altero
1601 2019 1668 2084 loco
1691 2019 1731 2083 de
1754 2040 1789 2084 eo
1805 2022 1879 2102 egit,
1901 2019 1984 2103 quod

143 2129 314 2217 ἐχρήσαντο
336 2130 381 2192 ait
401 2137 442 2211 τί)
464 2136 592 2216 μουσικῇ
614 2131 642 2189 ol
663 2125 788 2190 παλαιοὶ
809 2123 890 2188 κατὰ
912 2125 967 2195 την
990 2115 1091 2204 ἀξίαν,
1114 2124 1211 2210 ὥσπερ
1234 2124 1369 2196 καὶτοῖς
1390 2127 1494 2197 ἀλλοις
1515 2111 1731 2208 ἐπιτηδεύμασι
1752 2129 1850 2186 πᾶσιν.
1895 2121 1984 2186 Idem

143 2235 370 2312 argumentum
396 2228 552 2294 Aristides
575 2227 788 2307 Quintilianus
817 2230 850 2291 iu
877 2226 957 2290 libro
974 2226 1013 2290 II.
1037 2227 1216 2310 scriptionis
1245 2245 1320 2289 suae
1343 2224 1381 2290 de
1403 2227 1543 2306 musica,
1570 2223 1626 2289 ubi
1649 2225 1863 2308 copiosissime
1886 2223 1924 2288 de
1947 2244 1982 2288 co

145 2335 229 2414 egit,
257 2331 306 2396 his
328 2331 433 2398 uerbis
456 2331 619 2418 amplexus
642 2337 704 2396 est:
734 2329 860 2417 πότερον
882 2317 1010 2391 δυνατύν
1030 2316 1180 2390 παιδεύειν
1203 2315 1254 2390 διὰ
1276 2336 1418 2416 μουσικῆς
1439 2324 1459 2398 ἢ
1486 2325 1669 2390 τούναντίον.
1706 2325 1812 2408 (Arist.
1835 2325 1921 2411 apud
1941 2325 1982 2392 M.

143 2433 295 2500 Meiboru.
311 2434 350 2499 II.
373 2455 404 2520 p.
419 2433 483 2518 59.)
517 2433 606 2512 Quod
630 2435 658 2498 si
672 2431 945 2498 Chamaeleontem
968 2449 1092 2514 quoque
1116 2428 1214 2493 altero
1235 2429 1304 2494 loco
1319 2431 1461 2512 attigisse
1477 2427 1653 2514 putandum
1668 2433 1731 2508 est,
1753 2433 1790 2491 ut
1804 2427 1984 2514 exemplum

145 2538 290 2619 afferret,
314 2539 425 2620 quanti
447 2538 613 2602 universae
635 2541 745 2620 gentes
759 2535 915 2598 musicam
930 2535 1061 2615 eiusque
1076 2533 1141 2595 vim
1163 2533 1196 2594 in
1218 2531 1408 2614 mitigandos
1430 2537 1462 2595 et
1476 2529 1664 2596 excolendos
1679 2528 1984 2596 hominum-animes

146 2639 189 2704 ad
212 2638 444 2704 humanitatem
466 2639 703 2718 aestimassent,
730 2638 976 2722 Peripateticum
999 2634 1037 2698 de
1058 2633 1331 2714 Lacedaemoniis,
1359 2633 1398 2697 de
1422 2631 1598 2714 Thebanis,
1625 2631 1664 2696 de
1685 2631 1879 2697 Heracleotis
1900 2632 1984 2697 Pon-

146 2743 222 2806 ticis
245 2741 350 2806 dicere
374 2741 499 2824 (Athen.
515 2741 566 2804 IV.
589 2739 774 2826 p.184.d.l,
797 2738 836 2803 de
858 2739 1053 2802 musicorum
1074 2737 1354 2801 instrumentorum
1372 2737 1404 2799 vi
1426 2737 1459 2798 iu
1481 2755 1584 2800 mores
1606 2734 1647 2798 ad
1669 2732 1843 2798 humanum
1866 2733 1984 2800 cultum

148 2843 353 2908 deducendos
375 2844 463 2908 velut
490 2843 528 2908 de
550 2843 619 2926 lyra
641 2841 767 2926 (Athen.
781 2841 864 2906 XIII.
883 2861 917 2926 p.
935 2839 1006 2904 623.
1023 2837 1055 2922 f.)
1079 2857 1186 2921 agere,
1216 2838 1353 2921 denique
1381 2837 1420 2902 de
1448 2835 1613 2901 modorum
1634 2837 1785 2901 varietate
1814 2856 1983 2919 eorumque

146 2948 180 3010 vi
204 2945 332 3028 (Athen.
347 2945 429 3012 XIII.
453 2966 483 3031 ρ.
500 2945 571 3010 600.
587 2943 621 3028 f.)
650 2943 762 3010 docere
789 2942 964 3030 opertebat.
1007 2940 1177 3006 Tractabat
1205 2941 1300 3023 igitur
1321 2944 1542 3024 argumentum
1565 2937 1789 3020 Chamaeleon,
1817 2937 1986 3022 quodiam

127 3047 233 3113 ¹inter
255 3069 346 3112 suam
369 3049 573 3132 cynicamque
596 3046 795 3132 disciplinam
823 3043 995 3110 multarum
1023 3044 1261 3108 contentionum
1288 3063 1402 3106 caussa
1430 3048 1463 3105 et
1488 3041 1558 3108 lons
1583 3041 1695 3106 luerat.
1738 3040 1785 3104 De
1807 3059 1841 3104 re
1862 3042 1985 3105 musica

147 3153 236 3215 enim
258 3171 321 3215 uno
343 3150 476 3235 Epicuro
499 3153 629 3234 excepto
653 3148 752 3232 (Diog.
774 3147 875 3212 haist.
894 3147 940 3228 X,
962 3145 1023 3230 17.)
1047 3165 1109 3212 nen
1132 3146 1328 3230 scripserunt
1348 3144 1411 3208 uisi
1434 3143 1584 3208 Socratici
1605 3149 1637 3207 et
1657 3142 1875 3228 Peripatetici,
1897 3141 1985 3206 velut

147 3253 236 3318 Simo
261 3253 359 3336 (Dieg.
375 3253 477 3318 Ladrt.
494 3253 539 3333 II,
557 3252 612 3333 14,
628 3251 685 3333 9.),
708 3249 856 3314 Simmiae
873 3247 1011 3333 (11,1e),
1032 3247 1239 3312 Antisthenes
1256 3247 1320 3330 (vl,
1337 3248 1366 3328 l,
1380 3247 1440 3330 9.),
1462 3245 1647 3311 Aristoteles
1670 3246 1719 3329 (V,
1736 3245 1766 3327 1,
1782 3243 1859 3330 12),
1881 3243 1984 3309 Theo-

146 3355 299 3441 phrastus
323 3355 372 3438 (V,
387 3356 423 3436 2,
439 3353 518 3436 13),
540 3353 746 3419 Aristoxenus
762 3352 888 3435 (Athen.
904 3351 985 3416 XIV.
1008 3372 1038 3436 p.
1054 3350 1116 3414 619
1132 3349 1203 3433 sq),
1225 3348 1409 3415 Heraclides
1431 3348 1529 3431 (Diog.
1545 3347 1646 3412 Latrt.
1660 3349 1699 3428 V,
1714 3347 1750 3429 6,
1765 3347 1817 3431 4.).
1852 3349 1984 3430 Cynicos

145 3479 222 3523 vere
246 3459 403 3541 Diogenes
425 3457 526 3522 Ladrt.
549 3455 652 3537 V1,9,
672 3454 701 3520 3.
725 3458 828 3536 notat,
855 3453 939 3537 qued
969 3461 1183 3540 παραιτοῦνται
1204 3451 1246 3515 τοὶ
1268 3453 1413 3542 ἐγκύκλια
1435 3447 1602 3538 μαθήματα
1623 3454 1656 3514 et
1676 3459 1855 3537 περιαιροῦσι
1878 3439 1985 3512 δὲκαὶ

148 3559 304 3650 μουσικήν,
328 3559 411 3644 quod
433 3558 516 3624 idem
540 3558 694 3640 Diogenes
717 3556 841 3622 Stoicus
865 3555 1058 3639 significasse
1081 3554 1221 3635 videtur,
1247 3554 1301 3638 qui
1323 3575 1376 3618 eos
1399 3561 1541 3642 μουσικῆς
1566 3573 1601 3614 τε
1629 3553 1680 3614 καὶ
1704 3561 1907 3640 γεωμετρικῆς
1933 3551 1985 3614 καὶ

148 3662 349 3752 ἀστρολογίας
371 3663 422 3724 καὶ
443 3669 505 3724 τῶν
526 3661 671 3723 τοιούτων
694 3661 815 3747 ἀμελεῖν
838 3679 925 3746 φησιν
946 3661 987 3730 ὡς
1009 3656 1165 3744 ἀχρήστων
1187 3657 1239 3719 καὶ
1261 3659 1316 3720 ούκ
1339 3654 1520 3745 ἀναγκαίων.

303 3764 370 3828 Iam
384 3783 458 3829 vero
480 3762 562 3847 quod
585 3761 699 3827 ceteris
721 3760 864 3845 reliqniis
887 3780 926 3824 ox
941 3757 1191 3824 Chamaeleontis
1214 3759 1355 3822 suasorio
1376 3757 1479 3822 locum
1495 3755 1645 3838 adiungo,
1668 3755 1722 3851 qqi
1739 3759 1787 3818 est
1802 3753 1841 3818 de
1856 3753 1984 3820 labente

148 3885 182 3929 re
203 3868 343 3947 musica,
365 3885 406 3929 ue
427 3868 460 3928 iu
484 3868 622 3929 virorum
646 3863 810 3930 doctorum
832 3861 1110 3948 reprehensionem
1132 3859 1286 3942 incidam,
1313 3861 1422 3945 paucis
1444 3861 1549 3925 verbis
1572 3853 1825 3944 praeostendum
1846 3855 1982 3921 videtur.

148 3968 255 4053 Atque
278 3968 361 4051 quod
384 3987 456 4032 eum
478 3967 556 4051 Aug.
580 3966 754 4031 Meinekius
777 3965 855 4029 dicit
879 3967 914 4029 in
936 3965 1017 4029 Hist.
1041 3963 1109 4027 crit.
1126 3963 1150 4026 1.
1173 3985 1203 4048 ρ.
1222 3962 1282 4026 184
1304 3962 1344 4026 ab
1366 3963 1528 4026 Athenaeo
1549 3961 1630 4024 XIV.
1653 3981 1682 4046 ρ.
1699 3959 1772 4024 628.
1786 3959 1815 4024 d.
1840 3979 1879 4022 ex
1902 3958 1984 4024 Cha·

148 4069 338 4134 maeleoutis
360 4068 439 4134 libre
461 4071 527 4156 περὶ
548 4056 709 4156 κωμῳδίας
731 4067 861 4131 allatum
884 4087 970 4148 esse,
996 4069 1029 4130 in
1056 4085 1092 4131 eo
1120 4085 1240 4129 errasse
1263 4063 1389 4128 videtur
1409 4065 1458 4128 vir
1480 4063 1682 4128 clarissimus.
1727 4061 1808 4126 Nam
1830 4060 1983 4125 Chamae-

149 4171 266 4237 leontis
288 4171 378 4253 liber,
402 4191 441 4234 ex
463 4191 525 4255 quo
545 4171 728 4235 Athenaeus
751 4169 908 4250 hauserat,
931 4188 994 4232 nou
1017 4171 1066 4232 est
1087 4167 1297 4250 significatus,
1320 4168 1463 4250 quamvis
1485 4171 1517 4228 et
1537 4164 1789 4250 hyporchematis
1811 4162 1930 4228 mentio
1953 4169 1985 4228 et

150 4276 240 4356 ratio,
261 4293 342 4358 quae
363 4273 575 4337 intercederet
597 4275 625 4336 ei
648 4272 808 4337 saltationi
830 4291 902 4336 curu
924 4269 1056 4336 oordace
1079 4269 1205 4353 (Athen.
1228 4289 1258 4354 p.
1275 4269 1338 4333 630
1354 4267 1423 4352 sq),
1446 4273 1479 4331 et
1497 4287 1623 4348 uersus,
1646 4270 1700 4350 qui
1722 4266 1891 4332 laudantur
1910 4263 1984 4332 Pla-

150 4379 233 4440 tonis
257 4378 384 4456 comici,
414 4377 593 4460 opinionem
616 4373 750 4458 quodam
772 4373 865 4439 modo
887 4374 1011 4438 firmare
1033 4371 1217 4453 videantur,
1243 4370 1441 4435 Athenaeum
1467 4369 1573 4435 locum
1598 4369 1811 4453 desumpsisse
1840 4389 1878 4434 ex
1901 4367 1983 4434 Cha-

151 4478 336 4543 maeleentis
358 4477 438 4542 libro
456 4477 494 4541 de
510 4477 686 4559 comoedia,
708 4479 893 4562 praesertim
917 4494 1013 4560 quum
1030 4475 1127 4540 verba
1149 4473 1204 4537 illa
1225 4477 1265 4547 ὠς
1280 4469 1464 4562 Χαμαιλέων
1480 4471 1566 4560 φησίν
1581 4468 1660 4535 nihil
1682 4470 1834 4556 amplius,
1858 4491 1985 4556 quama

150 4577 360 4665 Peripatetico
371 4580 536 4646 Platonem
551 4581 703 4644 comicum
717 4579 910 4644 conditorem
925 4574 1050 4641 fabulae
1062 4573 1184 4638 Σκιυῶν
1197 4574 1341 4642 habitum
1355 4594 1425 4638 esse
1437 4572 1663 4638 demonstrent.
1686 4574 1789 4650 Quum
1800 4574 1894 4656 igitur
1905 4574 1984 4655 Aug.

151 4679 306 4746 Mainalia
329 4685 423 4746 certis
445 4684 638 4764 argumentis
661 4701 824 4746 occurrere
846 4699 1019 4764 nequeam,
1042 4683 1074 4742 et
1096 4679 1276 4742 coniectura
1297 4679 1374 4741 item
1400 4675 1479 4740 milri
1506 4696 1584 4761 opus
1611 4675 1653 4738 sit
1678 4695 1773 4758 quem
1795 4673 1985 4739 admodum

151 4783 217 4848 viro
240 4782 287 4848 illi
309 4782 503 4848 doctissimo:
526 4783 710 4848 universum
732 4783 886 4847 Athenaei
907 4781 1012 4846 locum
1034 4782 1062 4845 si
1085 4781 1154 4863 quis
1179 4779 1440 4861 consideraverit,
1466 4783 1499 4842 et
1519 4777 1771 4842 Chamaeleontis
1792 4779 1986 4841 mentionem

152 4885 298 4950 iniectam
330 4905 400 4950 esse
429 4887 610 4969 cogitaverit
638 4887 672 4949 iu
702 4885 827 4950 exordio
850 4883 1058 4968 quaestionis,
1089 4885 1177 4947 cuius
1205 4887 1424 4965 argumentum
1451 4877 1670 4966 pegasea
1699 4881 1894 4965 prepositum
1922 4884 1984 4942 est:

153 4988 202 5050 καὶ
222 4987 294 5076 πρύς
315 4988 481 5077 γυμνασίαν
503 4976 538 5051 δὲ
560 4989 610 5050 καὶ
632 4977 766 5061 ὀξύτητα
789 4975 920 5060 διανοίας
941 4983 1147 5074 συμβάλλεται
1169 4987 1188 5054 ri
1211 4981 1353 5071 μουσικι),
1376 5001 1439 5047 uon
1461 4979 1634 5063 satiabit,
1656 4984 1781 5068 opinor,
1804 4982 1881 5065 quin
1903 4979 1984 5044 Cha·

153 5089 338 5155 maeleontis
365 5090 435 5155 illas
457 5089 606 5173 reliquias
628 5089 668 5154 ad
690 5109 759 5154 eam
782 5087 987 5174 scriptionem
1006 5107 1134 5151 mecum
1156 5086 1287 5168 referat,
1314 5105 1393 5168 quae
1416 5084 1570 5150 musicam
1592 5097 1691 5148 artem
1717 5083 1875 5150 tironibus
1894 5101 1983 5146 exer-

155 5191 286 5257 cendam
307 5192 431 5256 videtur
454 5191 700 5257 commendasse.

1827 5391 1839 5428 λ
