4866 6178
1262 393 1472 458 ,10-

415 563 422 571 ¹
448 581 580 665 tulisse,
602 601 679 666 quas
693 579 894 646 Aristotelen
903 579 1069 648 sddidhss
1081 579 1250 645 aedanus
1262 561 1388 664 oportet
1406 579 1543 646 subtiles
1558 583 1761 664 qusoetieses
1776 586 1809 644 et
1820 589 1951 662 ιοιιιιι,
1973 581 2028 665 qui
2042 581 2118 646 abbi
2140 579 2287 646 iabnloea

448 691 484 750 et
497 685 572 749 tota
583 703 605 748 a
618 681 701 747 veris
715 682 918 768 prolatisque
933 681 1112 748 discernere
1127 681 1234 746 solea.
1273 682 1374 759 Quam
1389 681 1451 746 alte
1472 684 1506 747 in
1528 681 1625 748 libros
1645 685 1834 768 scriptore!
1852 703 1876 748 ι
1885 703 1923 748 se
1945 681 2142 748 laniatorum
2156 683 2284 748 mee·-

448 787 530 852 teles
551 787 780 871 penetraverit,
800 783 851 867 id,
871 786 906 849 ni
925 784 1031 866 iallor,
1053 803 1091 848 er
1113 783 1270 849 11οοτο1ιᾰο
1292 785 1473 848 coniectura
1493 781 1566 849 elici
1587 789 1700 870 potest.
1736 785 1786 850 lbi
1797 786 1884 850 enim
1898 785 2085 878 Aristoteles
2099 783 2285 870 Duripidssn

450 885 666 974 reprehendit,
695 885 780 970 qnod
809 888 843 951 in
871 887 1027 970 lleleagro
1056 885 1165 950 isbuls
1193 885 1321 951 Aetolos
1350 885 1439 952 lsers
1463 887 1545 971 pede
1572 887 1675 952 nudos
1702 889 1737 952 in
1763 907 1901 972 pugnarn
1924 889 2003 952 iius
2028 888 2156 969 iecerit,
2184 907 2285 970 quasa

449 990 597 1056 dueum
616 989 732 1074 pedem
752 989 962 1054 incalceetuns
983 987 1171 1054 habuissent
1200 986 1282 1072 (τοὺς
1303 977 1339 1052 δὲ
1357 985 1494 1052 Θιοπίοο
1515 987 1638 1077 seipse<
1659 988 1713 1053 eds
1734 988 1788 1078 μὲν
1809 989 1961 1079 ίριοτφον
1980 979 2063 1054 πόδα
2084 991 2171 1078 penta
2192 987 2285 1078 Εὐρι-

447 1079 538 1167 πίδης
559 1088 657 1156 ittera
679 1095 803 1179 ἔχοντας
824 1080 1008 1154 dosideres
1030 1091 1079 1175 λ).
1117 1091 1186 1168 Qua
1200 1092 1321 1156 ratione
1342 1089 1421 1154 haec
1442 1090 1616 1176 horumque
1636 1090 1753 1156 similis
1773 1112 1846 1157 curn
1862 1094 1975 1156 ceteris
1990 1111 2131 1157 connexa
2152 1091 2284 1172 fuerint,

447 1197 565 1279 siquis
581 1200 724 1278 quaerat,
746 1193 776 1256 ei
790 1213 849 1258 nos
863 1195 986 1257 nescire
1001 1195 1138 1276 ingenue
1153 1191 1333 1258 fatebimur.
1366 1191 1429 1258 Sed
1443 1193 1513 1256 fieri
1526 1179 1646 1279 potuit,
1667 1200 1704 1258 ut
1718 1213 1772 1259 eos
1794 1181 1943 1276 locos,in
1965 1195 2080 1277 quibus
2094 1191 2283 1258 Aristoteles

447 1300 574 1384 poetam
595 1299 652 1360 snt
672 1295 867 1361 laudandum
888 1302 944 1359 ant
964 1293 1208 1380 vituperandum
1230 1313 1301 1359 esse
1324 1299 1482 1377 censeret,
1505 1293 1735 1380 quedammodo
1756 1295 1797 1362 sd
1817 1298 1916 1361 utam
1937 1299 2050 1382 poitse
2070 1297 2226 1382 pertinere
2248 1301 2284 1359 et

446 1399 491 1464 ad
504 1397 662 1484 Euripidis
684 1399 952 1483 peregrinationes
965 1399 1078 1462 merito
1100 1397 1210 1462 relerri
1230 1417 1323 1483 posse
1336 1399 1500 1482 reperiret
1536 1398 1603 1462 lloc
1618 1403 1704 1462 certe
1718 1398 1906 1484 posteriores
1920 1399 2081 1472 iaciebant
2094 1397 2283 1484 philosophi,

448 1504 505 1586 qni
527 1503 749 1586 expositarum
770 1499 848 1564 locis
870 1501 953 1564 vitas
980 1520 1090 1564 eorum
1112 1519 1297 1585 componere
1319 1519 1412 1584 posse
1439 1499 1502 1564 sibi
1523 1499 1722 1582 videsomnis,
1747 1520 1811 1584 qus
1836 1502 1870 1566 in
1896 1521 1931 1564 re
1951 1500 1993 1566 de
2011 1499 2178 1586 Sophoclis
2192 1519 2282 1565 sno·
2417 1541 2418 1544 =

445 1603 537 1669 ribus
565 1601 666 1684 cogito
686 1601 738 1666 vel
764 1601 804 1666 de
831 1603 917 1668 binis
938 1601 1076 1666 Socratis
1097 1603 1233 1687 nuptiis,
1255 1621 1334 1686 quas
1361 1621 1401 1666 ex
1423 1603 1565 1668 obsessis
1585 1601 1666 1666 loeis
1688 1607 1721 1666 et
1740 1601 1822 1667 mala
1842 1602 2015 1668 intellectis
2037 1601 2283 1688 expisestisnnt

447 1706 803 1891 ΜωἈῃοοοεοοεἈϋο
824 1805 1005 1871 Aristotelis
1028 1807 1170 1891 scriptis,
1193 1825 1274 1890 quae
1294 1807 1329 1869 in
1349 1803 1489 1889 Diogene
1503 1805 1628 1871 Letrtio
1650 1811 1891 1884 enumerantur,
1911 1807 1951 1890 V,
1973 1807 2030 1889 12,
2052 1807 2093 1872 22
2112 1827 2162 1892 sq.
2185 1827 2281 1890 argu·

447 1915 556 1975 mente
579 1911 720 1990 inerant,
743 1927 822 1992 qnae
848 1907 888 1972 sd
913 1907 1089 1972 litterarum
1113 1908 1219 1972 studia
1242 1927 1307 1972 non
1331 1913 1522 1993 spectarent
1558 1908 1605 1973 De
1631 1907 1838 1998 προβλιίμτοιν
1861 1911 1932 1974 eins
1953 1913 1986 1974 et
2009 1907 2112 1974 λύσιοι
2137 1910 2282 1976 conteras

409 2077 411 2082 .
447 2032 566 2098 quaeso
589 2011 698 2096 rope.
723 2012 758 2092 1,
785 2010 834 2074 ιο.
859 2011 915 2090 11,
940 2011 970 2074 4.
1003 2009 1095 2075 Ami.
1121 2030 1168 2094 pr.
1197 2011 1231 2092 1,
1257 2011 1286 2073 1.
1308 2008 1435 2094 nnnya
1461 1995 1607 2096 paese,
1634 2012 1668 2088 13
1694 2009 1735 2075 ιι
1763 2011 1854 2076 nem
1876 2011 2079 2076 ιοιιιιιιηιι
2099 2013 2281 2076 nmm-

447 2114 606 2196 cularnns,
633 2133 714 2196 quae
739 2111 781 2177 ad
802 2115 884 2176 vitas
909 2113 1099 2198 scriptorum
1118 2116 1316 2198 spectarent,
1336 2111 1391 2177 adi
1412 2111 1484 2177 Iulii
1505 2112 1645 2178 Richteri
1672 2115 1876 2196 scriptionem
1897 2113 1937 2178 de
1957 2113 2109 2197 Aeschyli
2131 2135 2157 2180 c.
2178 2116 2280 2178 ister·

447 2217 591 2304 pretibue
612 2215 734 2298 graecis
754 2233 825 2300 pag.
850 2214 901 2279 39.
929 2233 993 2298 sq.,
1021 2214 1076 2297 qni
1101 2213 1159 2278 ubi
1185 2213 1224 2278 dc
1246 2216 1429 2280 recensione
1454 2219 1534 2298 egit,
1562 2233 1657 2298 qnam
1681 2214 1869 2280 Aristoteles
1894 2215 1933 2280 de
1956 2215 2156 2300 Dionysiseis
2177 2218 2281 2280 victo·

446 2318 538 2384 ribus
559 2317 713 2398 instituit,
734 2316 832 2380 simili
853 2317 888 2382 in
909 2322 1094 2399 argumento
1117 2317 1180 2380 ism
1207 2323 1281 2380 ente
1303 2337 1375 2381 eum
1401 2336 1466 2382 non
1490 2316 1596 2382 nullos
1617 2321 1758 2382 versatos
1784 2337 1854 2382 ease
1882 2317 1993 2383 deesse
2020 2317 2171 2400 debebat,
2190 2318 2283 2384 relat

447 2421 597 2506 Hippiam
613 2418 793 2504 Sophistam
813 2417 996 2500 llleeasesn,
1019 2419 1072 2502 qui
1092 2416 1256 2503 Olympiae
1277 2421 1414 2484 virtores
1435 2420 1609 2497 recensuit3
1629 2437 1695 2484 eon
1718 2420 1801 2484 enim
1824 2419 1977 2486 ebrorum
1999 2419 2136 2502 videtur,
2157 2421 2280 2486 Arist*

339 2545 343 2554 ·
446 2523 544 2588 telem
565 2523 633 2586 eius
655 2519 821 2586 consilinm
842 2522 878 2584 in
899 2541 957 2585 sno
977 2519 1058 2586 libro
1079 2541 1151 2586 esse
1171 2525 1317 2586 seeutm
1339 2521 1552 2606 eandemque,
1574 2542 1669 2606 quarn
1683 2524 1861 2607 superiores
1875 2521 2019 2606 quidun,
2040 2523 2074 2586 in
2096 2521 2281 2607 colligendis
2415 2581 2416 2588 ,

447 2631 482 2690 et
502 2621 680 2708 digerendis
702 2622 857 2690 rationem
878 2643 916 2687 ac
937 2624 1022 2687 viam
1044 2643 1115 2687 esee
1134 2625 1323 2706 ingressum.
1365 2624 1413 2688 De
1434 2625 1630 2712 argumentis
1649 2623 1841 2708 reliqueram
1860 2625 2086 2710 scriptionum,
2104 2645 2188 2709 guas
2206 2627 2279 2710 qui·

449 2727 520 2792 dem
547 2725 609 2790 huc
636 2725 818 2790 referendae
846 2745 917 2790 esse
943 2723 1107 2807 videntur,
1140 2725 1220 2789 nihil
1247 2731 1373 2791 constat
1397 2727 1460 2790 nisi
1487 2725 1572 2810 qnod
1599 2745 1639 2790 er
1665 2726 1767 2791 titulis
1794 2726 1897 2792 conici
1923 2733 2036 2813 potest
2086 2726 2169 2792 Suet
2193 2730 2281 2793 ess'sn

447 2828 640 2920 πραγματεία
659 2826 767 2916 τέχνης
786 2825 993 2901 ποιητικῆςό.
1036 2825 1251 2916 Ἀπορημάτων
1273 2823 1447 2916 Ὁμηρικῶν
1470 2824 1582 2897 ά-ς’.
1620 2827 1746 2912 (Phryn.
1764 2850 1833 2914 pag.
1849 2829 1911 2894 225
1927 2829 2001 2895 Leu
2024 2829 2119 2896 Wolf.
2139 2829 2277 2916 proleg.

446 2930 604 3018 peg.184.
641 2929 740 2994 lrehrs
765 2927 939 2994 Aristarch.
968 2928 1100 3014 peti.)
1144 2925 1359 3018 Ἀπορηιάπων
1381 2917 1521 2993 Ἡσιόδου
1544 2930 1563 2994 ά
1586 2929 1660 3014 (Vit
1685 2932 1782 2997 Arist.
1805 2931 1918 2996 incerti
1943 2937 2026 2997 anet.
2048 2931 2134 3018 apud
2155 2931 2277 3015 blenag.

447 3055 478 3120 p.
492 3033 557 3098 610
588 3032 694 3098 Hibe.
715 3031 845 3098 Mteell
865 3051 935 3116 pag.
955 3029 1037 3112 280).
1083 3028 1277 3120 Ἀπορήμπτοι
1296 3028 1479 3120 Ἀρχιλόχου,
1501 3021 1693 3120 Εὐριπίδους,
1715 3029 1859 3122 Xespileo
1878 3027 1916 3124 γ’.
1959 3030 2172 3124 Ἀπορνμιίτοιν
2190 3055 2278 3105 ποιη-

446 3131 589 3199 meve.
633 3132 835 3205 ιιιιηιιιι
878 3131 955 3219 Περι
980 3122 1156 3223 epaphras
1178 3132 1208 3198 e.
1253 3134 1323 3211 oue
1349 3134 1444 3218 igitur
1468 3135 1589 3198 ιιιιιιι
1614 3135 1651 3198 ιι
1677 3134 1766 3200 libris
1793 3135 1856 3200 nes
1882 3135 2087 3221 ριιιοωριιι
2114 3123 2279 3221 poem

447 3236 621 3302 sententies
643 3237 841 3317 hactaverit,
863 3241 969 3300 utrum
991 3237 1074 3300 bona
1094 3235 1145 3299 vel
1165 3233 1251 3300 mala
1271 3255 1310 3300 ea
1331 3255 1419 3317 esse,
1440 3255 1522 3320 qnae
1543 3239 1653 3321 poeitae
1674 3236 1845 3319 dixissent,
1866 3237 2057 3322 quaesiverit
2076 3259 2119 3302 en
2142 3239 2180 3304 de
2201 3239 2277 3303 sitis
2408 3242 2415 3295 i

448 3359 556 3404 eorum
576 3337 766 3421 narraverit,
787 3337 839 3402 vel
854 3358 893 3401 ex
907 3338 1053 3402 rensibus
1068 3357 1137 3419 eas,
1160 3336 1199 3403 de
1214 3337 1329 3422 quibus
1343 3357 1456 3424 parum
1471 3344 1643 3420 consteret,
1664 3359 1715 3404 res
1733 3342 1913 3405 coniectura
1926 3345 2091 3406 assecutus
2106 3343 2162 3422 sit,
2184 3360 2277 3406 nesso

446 3461 588 3525 nnqnam
609 3447 665 3504 eut
686 3440 798 3505 docere
820 3447 875 3504 aut
897 3439 1074 3506 discernere
1097 3441 1221 3524 poterit.

599 3543 635 3607 ln
657 3562 695 3606 eo
717 3549 823 3608 aetem
845 3544 954 3628 opinor
975 3561 1040 3606 nen
1062 3541 1180 3607 errabit
1204 3541 1233 3606 si
1255 3544 1326 3626 quis
1347 3545 1560 3628 praeceptoris
1583 3545 1736 3607 rationein
1764 3545 1798 3607 in
1819 3543 2178 3628 emendicatarum
2199 3545 2276 3611 haris

447 3645 620 3731 discipulos
642 3665 711 3709 esee
735 3651 861 3709 secutos
882 3665 939 3730 pro
962 3649 1046 3710 certo
1069 3643 1246 3709 affirmabit.
1282 3644 1370 3722 Quod
1391 3646 1530 3729 prolecto
1553 3644 1591 3709 de
1606 3646 1837 3712 Aristoxeno
1859 3647 1980 3710 musico
2000 3653 2050 3710 est
2063 3647 2275 3716 mendum.

446 3749 478 3813 la
500 3747 640 3812 enimin
664 3766 699 3812 eo
721 3745 818 3828 libro,
849 3765 912 3829 quo
933 3753 1114 3810 accersiens
1139 3746 1345 3832 plurimarum
1367 3767 1475 3812 rerum
1494 3749 1661 3812 scientiam
1683 3746 1958 3834 comprehendisse
1978 3748 2119 3832 vidden,
2150 3752 2183 3814 in
2206 3750 2277 3834 βίοις

445 3838 563 3938 ἀνδρῶν
585 3847 683 3931 (Plut
706 3848 776 3914 Non
798 3868 891 3933 posse
913 3867 1001 3913 suav.
1022 3848 1060 3914 X.
1078 3867 1109 3932 p.
1124 3849 1197 3912 497.
1220 3848 1325 3914 Reislr.
1348 3849 1387 3913 ci.
1410 3869 1477 3914 mee
1500 3849 1584 3926 Quid
1603 3856 1638 3914 et
1658 3869 1722 3934 qus
1742 3857 1799 3915 rat.
1817 3872 1845 3915 c.
1858 3871 1890 3936 p.
1906 3847 1947 3934 8.)
1970 3856 2002 3914 et
2022 3851 2224 3936 pothsimnm
2242 3853 2276 3916 in

443 3971 485 4015 es
505 3953 574 4016 eius
595 3958 700 4036 parte,
724 3971 805 4034 qnae
828 3957 896 4015 erat
916 3950 983 4039 περὶ
1003 3939 1257 4040 τραγῳδοποιῶν,
1279 3957 1406 4036 praeter
1425 3951 1620 4016 narrationes
1642 3951 1682 4017 de
1702 3956 1867 4036 pottarusn
1886 3954 1962 4017 vitis
1984 3951 2063 4037 (vie.
2075 3952 2170 4040 Scph.
2184 3953 2278 4019 dtabr

411 4133 414 4140 Ι
445 4055 543 4119 Arist
564 4052 604 4118 11.
628 4074 697 4140 pag.
718 4052 797 4136 hh),
826 4055 853 4118 si
880 4052 1028 4136 reliquias
1051 4056 1135 4117 recte
1158 4055 1361 4139 interpretor,
1387 4060 1524 4118 ¹aetatesn
1548 4059 1580 4118 et
1601 4053 1822 4120 nonnullorum
1844 4057 2008 4140 poetam
2027 4061 2062 4119 et
2082 4055 2277 4140 singularum

444 4175 555 4221 eornm
576 4155 756 4220 intuleram
782 4175 822 4219 ex
848 4152 974 4219 dicendi
995 4175 1109 4238 genere
1132 4161 1165 4219 et
1190 4175 1229 4219 ex
1250 4155 1419 4220 verborum
1442 4175 1502 4220 usu
1525 4156 1647 4221 definiit
1665 4163 1700 4220 et
1728 4157 1986 4243 circumscripsit
2030 4157 2177 4242 (hiemen
2196 4179 2223 4225 a
2244 4177 2275 4223 r.

445 4255 586 4341 pecata.)
620 4249 783 4322 Incertum
798 4255 926 4340 quidem
940 4255 997 4322 sed
1011 4256 1182 4322 verisimile
1204 4263 1268 4339 est,
1291 4257 1401 4322 eadem
1422 4260 1545 4322 retione
1559 4259 1592 4322 in
1613 4259 1788 4323 mandis
1811 4263 1977 4344 poiteruss
1997 4249 2165 4325 sententiis
2183 4279 2277 4326 usu

444 4378 517 4424 esse
531 4357 774 4423 Heraclidem
788 4359 969 4439 Ponticum,
993 4379 1032 4422 ex
1047 4361 1140 4424 caius
1161 4358 1250 4424 libris
1271 4359 1312 4425 de
1334 4360 1448 4424 litteris
1471 4361 1571 4443 egisse
1586 4359 1735 4426 videntur
1753 4362 1823 4450 περί
1840 4371 1897 4437 τῆς
1912 4350 2054 4426 Ἡσιόδου
2067 4363 2228 4438 tinette-d*
2240 4359 2275 4445 β’.

445 4457 521 4549 Περὶ
540 4457 709 4549 Ἀρχιλόχου
730 4461 781 4523 καὶ
803 4455 948 4551 Ὀμιίρου.
985 4459 1060 4548 Περὶ
1079 4470 1141 4524 τῶν
1163 4471 1251 4550 τριῶν
1272 4451 1506 4552 τραγῳδοποιῶν
1528 4459 1555 4524 π’.
1591 4461 1667 4550 ssepi
1686 4471 1844 4542 ποιτπιιιῆς
1865 4464 1999 4527 καὶτῶν
2019 4471 2163 4534 ποιητῶν.
2202 4462 2276 4554 Πομ

443 4571 506 4626 τῶν
526 4561 596 4650 παρ’
617 4551 764 4650 Εὐριπίδῃ
786 4563 836 4626 καὶ
854 4559 1056 4651 ,ΣοροκΜίοί
1080 4559 1106 4646 β’
1127 4561 1165 4653 γ’.
1199 4561 1317 4638 Adesse
1351 4564 1403 4648 (ci.
1419 4563 1575 4629 Deswert.
1590 4583 1660 4649 pag.
1678 4566 1741 4630 110
1755 4564 1835 4650 sqq.)
1857 4565 1904 4630 De
1927 4565 2006 4630 libro
2025 4569 2096 4630 eius
2115 4568 2184 4655 πιρὶ
2204 4566 2275 4650 βίοιο

445 4665 497 4730 hic
518 4685 582 4730 non
605 4667 706 4748 cogito
729 4671 856 4750 propter
878 4686 930 4744 ea,
951 4685 1030 4749 qnae
1054 4664 1145 4730 docui
1160 4667 1193 4729 in
1208 4667 1406 4749 quaestione:
1429 4665 1561 4750 quidet
1582 4686 1647 4750 qua
1660 4673 1717 4733 rat.
1734 4689 1761 4732 ο.
1783 4687 1813 4753 p.
1831 4667 1860 4733 5.
1895 4667 2156 4754 Theophrasti
2175 4669 2275 4734 lireaii

444 4767 615 4832 laudantur
636 4766 710 4831 libri
730 4768 796 4856 περὶ
810 4765 968 4856 Αἰσχύλου.
992 4767 1092 4850 (Diog.
1107 4766 1141 4830 L.
1157 4766 1188 4848 5,
1210 4769 1241 4848 2,
1265 4767 1315 4848 13,
1337 4767 1400 4850 50.)
1432 4770 1498 4854 περὶ
1518 4779 1675 4844 ποιητικῆς
1696 4769 1724 4833 ό.
1757 4771 1823 4859 πιρὶ
1843 4780 2000 4844 cosmate
2022 4769 2098 4834 eoa
2121 4769 2149 4834 d.
2176 4771 2273 4854 (Dicg.

446 4871 475 4937 tl.
499 4870 519 4935 l.
542 4869 563 4936 l.
585 4869 642 4936 No.
658 4868 740 4953 seo,
761 4871 794 4934 in
818 4869 933 4953 quibus
956 4889 1018 4953 quo
1039 4868 1132 4934 modo
1155 4867 1194 4934 de
1216 4872 1317 4955 potitis
1338 4872 1439 4953 egerit
1460 4870 1627 4935 diiudicari
1648 4874 1768 4956 nequit.

596 4971 828 5036 Dicaearchi
850 4972 998 5037 Messenii
1026 4973 1196 5053 nationem,
1218 4993 1283 5056 que
1302 4976 1411 5057 petitas
1436 4975 1633 5055 assaverit,
1659 4973 1810 5058 reliquiae
1832 4973 1906 5038 libri
1926 4975 1993 5063 rapi
2012 4971 2146 5038 Ἀλκαίου
2168 4981 2274 5040 osten*

444 5074 534 5139 dont.
570 5075 630 5139 Hio
653 5077 737 5139 enirn
758 5074 839 5138 liber
853 5073 939 5138 solus
953 5074 1173 5159 respiciendus
1187 5081 1250 5156 est,
1271 5076 1301 5138 si
1316 5074 1354 5138 de
1369 5075 1553 5139 Dicaearchi
1574 5080 1762 5140 bactetione
1785 5075 1959 5140 litterarum
1978 5079 2154 5160 quaeritur,
2177 5095 2275 5162 quun

444 5175 525 5240 liber
551 5179 617 5242 eius
646 5171 711 5266 περὶ
737 5177 826 5260 βίον,
855 5195 951 5260 quern
978 5175 1087 5241 laudat
1107 5176 1261 5259 Diogenes
1289 5177 1324 5240 1..
1344 5177 1404 5258 lll,
1425 5177 1464 5240 4..
1483 5179 1522 5242 iis
1545 5198 1608 5242 non
1630 5177 1884 5242 &numerandus
1907 5180 1949 5242 sit
1970 5181 2111 5264 scriptis,
2142 5199 2275 5262 quorun
