4866 6178
1233 335 1443 400 ..30-

414 527 508 608 pnite
529 543 626 606 quum
641 521 724 588 illos
744 536 854 587 versus
881 524 1051 608 proferret,
1078 543 1142 587 non
1163 522 1273 605 liquet.
1319 521 1383 588 Sed
1404 525 1432 587 si
1453 527 1578 609 pultem
1601 523 1745 606 finxeris,
1771 529 1966 610 speotetores
1988 522 2140 608 quosdam
2162 521 2250 588 dien·

416 627 509 690 eitste
536 647 594 690 sun
621 627 780 710 superiore
807 625 840 690 in
867 624 1224 706 tenuissimorum,
1252 624 1350 689 sltero
1373 645 1468 690 versu
1494 626 1627 690 fortasse
1654 645 1718 691 nou
1745 625 1875 710 negabis
1904 647 1978 690 eum
2005 627 2032 690 si
2055 627 2111 710 qui
2131 623 2250 690 vellent

415 727 573 792 adhortari
595 730 751 814 potuisse,
776 732 813 792 ut
838 727 873 792 in
900 727 1006 812 ipsum
1032 726 1153 813 lapides
1182 726 1376 804 eonioerent;
1404 726 1484 792 alter
1509 729 1670 795 monuisse
1697 727 1838 810 videtur,
1865 735 1901 792 ut
1927 747 1967 792 ns
1988 728 2130 792 fenerent
2152 747 2251 811 qnnm

415 829 496 894 bene
523 850 648 915 semper
675 829 713 894 de
740 831 779 892 iis
805 831 972 911 sensisset,
999 829 1147 914 idemque
1174 836 1241 896 tam
1267 831 1301 894 in
1329 830 1476 895 secundis
1504 849 1598 914 quem
1625 831 1660 894 in
1681 829 1823 896 adversis
1850 831 1946 896 rebus
1970 851 2078 895 eorum
2099 830 2250 896 sensibus

415 953 485 996 sese
512 929 789 996 soeommodnsset.

1168 1103 1206 1168 X.
1241 1102 1295 1167 De
1326 1101 1501 1186 Satyris.

567 1255 655 1320 Suid.
671 1277 700 1322 ν.
724 1253 891 1329 Ἀπώλεσας
910 1253 964 1319 τδν
979 1251 1072 1336 οἶνον,
1096 1253 1215 1343 ἐπιχέας
1237 1248 1329 1343 ὕδωρ·
1352 1257 1401 1320 tot
1414 1265 1475 1320 τῶν
1489 1256 1531 1320 τοὶ
1552 1259 1654 1332 καλῶς
1674 1256 1818 1346 πρύτερον
1839 1255 1987 1347 γενόμενα
2008 1255 2131 1344 ὕστερον
2145 1263 2250 1344 μικροῦ

413 1381 493 1432 τινος
515 1357 613 1422 ἕνεκεν
636 1367 732 1421 κακοῦ
755 1357 996 1446 ἀνατρεπόντων·
1018 1354 1038 1428 ἦ
1062 1359 1110 1422 έπί
1131 1361 1228 1420 τῶνᾶ
1249 1349 1421 1446 χαρίζονται
1444 1347 1617 1430 δηλούντων
1638 1361 1691 1422 καί
1713 1359 1755 1448 μὴ
1778 1357 1905 1447 ἀκέραια
1925 1355 2149 1448 παρεχομένων·
2172 1355 2250 1428 αύτη

415 1449 450 1524 δέ
471 1465 490 1532 ἠ
512 1460 656 1550 παροιμία
677 1459 801 1550 γέγονεν
823 1461 858 1523 έκ
878 1467 934 1523 τοῦ
958 1457 1096 1548 Ἀριστίου
1117 1457 1303 1540 Κύκλωπος,
1327 1461 1366 1534 ὥς
1389 1482 1459 1550 φησι
1481 1457 1667 1550 Χαμαιλέων
1689 1462 1720 1526 έν
1740 1470 1787 1544 τῷ
1808 1462 1875 1549 περὶ
1896 1459 2047 1550 Σατύρων.

463 1573 467 1592 ·
567 1562 682 1628 Zenob.
711 1563 750 1627 ll.
776 1563 824 1627 16.
849 1562 1073 1646 (Peroemiogr.
1097 1561 1167 1628 edd.
1190 1562 1337 1628 Leutsoh.
1362 1569 1393 1626 et
1414 1561 1611 1629 Schneidew.
1635 1585 1666 1648 p.
1688 1561 1739 1646 35)
1770 1562 1930 1638 ἀπώλεσας
1951 1585 1977 1626 κ
2000 1566 2027 1626 λ
2050 1563 2081 1626 έν
2102 1559 2251 1626 Κύκλωπι

415 1653 546 1754 δράματι
567 1663 753 1754 Πολύφημος
775 1662 870 1738 ούτως
890 1664 962 1753 πρὸς
983 1653 1135 1728 Ὀδυσσέα
1155 1663 1256 1753 λέγει,
1279 1661 1349 1728 ὅθεν
1370 1669 1410 1740 είς
1431 1665 1594 1754 παροιμίαν
1616 1663 1742 1736 ἀπέστη.

566 1767 751 1850 Diogenisn.
774 1766 813 1831 II.
838 1765 889 1830 32.
911 1787 981 1853 pag.
1003 1766 1066 1830 200
1096 1765 1255 1842 ἀπώλεσας
1277 1789 1303 1830 κ.
1326 1769 1354 1831 λ
1376 1767 1425 1832 tot
1446 1775 1509 1830 τῶν
1530 1775 1594 1841 τοῖς
1615 1771 1720 1842 καλοῖς
1740 1766 1781 1830 τοὶ
1802 1767 1921 1856 χείρονα
1941 1766 2197 1858 προσμιγνύντων·
2219 1767 2251 1830 έν

414 1867 586 1944 Κύκλωπος
606 1869 664 1958 γὰρ
688 1857 819 1958 δράματι
840 1867 996 1958 λεγομένῳ
1019 1867 1100 1932 ούτω
1123 1869 1194 1958 φησὶ
1209 1868 1286 1957 ,πρὸς
1308 1857 1462 1933 Ὀδυσσέα
1483 1867 1676 1958 Πολύφημος

567 1971 701 2037 Miohsel
717 1973 827 2056 Apost.
844 1971 896 2036 IV.
913 1972 942 2036 7.
966 1971 1126 2044 ἀπώλεσας
1147 1993 1175 2034 κ
1197 1974 1225 2034 λ
1249 1969 1327 2042 α’ύτιι
1349 1970 1473 2061 γέγονεν
1495 1973 1530 2036 έκ
1551 1979 1607 2034 τοῦ
1621 1967 1760 2060 Ἀριστίου
1774 1969 1960 2052 Κύκλωπος,
1984 1971 2023 2046 ὥς
2044 1993 2116 2060 φησι
2129 1967 2253 2060 Χαμαι-

414 2071 492 2138 λέων
515 2075 545 2137 έν
566 2083 612 2156 τῷ
638 2075 704 2162 περὶ
726 2071 883 2161 Σατύρων·
911 2074 962 2136 καὶ
985 2071 1171 2162 Πολύφημος
1198 2071 1278 2136 ούτω
1307 2094 1378 2162 φησι
1403 2073 1475 2163 πρὸς
1496 2061 1649 2138 Ὀδυσσέα
1676 2075 1707 2136 έν
1732 2071 1903 2148 Κύκλωπος
1929 2063 2062 2162 δράματι
2087 2072 2251 2164 λεγομένῳ.

414 2173 552 2267 Λέγεται
574 2177 706 2240 ἐπὶτῶν
727 2185 790 2249 τοῖς
812 2177 917 2250 καλοῖς
937 2175 978 2239 τσὶ
1000 2176 1089 2262 χείρω
1113 2175 1337 2264 ἑπιμιγνύντων.

400 2297 403 2306 ’
492 2353 503 2372 γ
567 2279 694 2342 Arsenii
712 2276 792 2342 Viol.
816 2299 845 2364 p.
871 2273 920 2342 712
944 2277 993 2342 ed.
1007 2276 1106 2342 Wnlz.
1131 2277 1240 2343 endem
1264 2277 1351 2343 Suid.
1375 2299 1404 2343 ν.
1426 2275 1565 2365 Ἀριστίου
1586 2273 1739 2364 Κύκλωψ·
1761 2277 1911 2367 μέμνηται
1934 2277 2046 2342 τούτου
2066 2275 2252 2368 Χαμαιλέων
2352 2337 2359 2346 .

415 2382 512 2463 ἐντῷ
537 2381 603 2468 περὶ
625 2377 777 2467 Σατύρων.
821 2379 978 2465 Ulpianus
1005 2378 1059 2444 illo
1087 2379 1250 2464 proverbio
1278 2381 1378 2445 utitur
1404 2379 1488 2466 epnd
1513 2381 1631 2447 Athen.
1654 2381 1739 2447 VllI.
1761 2401 1831 2466 pag.
1854 2381 1916 2445 362
1940 2402 1967 2446 ιι.
2012 2381 2057 2446 Cf.
2087 2379 2251 2446 Geteoker.

413 2482 545 2548 Misoell.
567 2483 652 2548 Post.
676 2503 724 2566 ep.
745 2482 781 2547 V.
806 2502 874 2567 pag.
898 2480 971 2546 452.
1015 2481 1125 2546 Falsus
1148 2489 1197 2546 est
1219 2483 1357 2562 Grotius,
1380 2483 1433 2566 qui
1456 2481 1489 2546 in
1511 2481 1655 2568 Excerpt.
1679 2505 1709 2568 p.
1733 2482 1795 2547 866
1818 2503 1945 2582 versum
1966 2482 2058 2548 illum
2078 2482 2252 2548 Philoxeno

415 2585 628 2670 adscripserit.
663 2585 708 2649 Cf.
733 2585 811 2666 Aug.
827 2583 971 2648 Meineke
995 2585 1121 2662 Quaest.
1144 2583 1233 2650 Miso.
1249 2584 1273 2648 Ι.
1296 2606 1326 2670 p.
1343 2583 1394 2648 23.
1428 2585 1546 2650 Ηίείοτ.
1562 2587 1630 2650 orit.
1646 2585 1670 2648 Ι.
1686 2606 1716 2670 p.
1733 2585 1804 2650 504.
1839 2585 1970 2652 Friebel.
1988 2587 2096 2652 Graec.
2113 2584 2252 2670 Satyrgr.

413 2688 451 2752 ir.
474 2709 504 2774 p.
528 2686 580 2751 65.
616 2685 770 2754 Welolrer.
793 2685 900 2751 Addit.
924 2686 965 2752 ud
985 2687 1133 2770 Aeschyl.
1158 2686 1233 2752 Tril.
1256 2709 1287 2772 p.
1310 2685 1390 2769 285,
1410 2708 1442 2772 p.
1465 2687 1537 2754 302.
1572 2685 1612 2752 de
1634 2688 1744 2754 Gnaeo.
1767 2689 1857 2771 Trng.
1881 2709 1911 2774 p.
1935 2687 2007 2753 966.

1131 2924 1184 2990 Xl.
1221 2924 1275 2990 De
1307 2924 1529 3010 Thospide.

565 3079 697 3144 Photius
720 3077 768 3142 ed.
791 3079 920 3144 Person.
948 3067 1052 3142 Ούδέν
1072 3077 1144 3166 πρὸς
1164 3077 1218 3141 τδν
1240 3076 1390 3142 Διόνυσον.
1434 3076 1606 3169 Ἐπιγένους
1631 3087 1687 3142 τοῦ
1709 3076 1873 3142 Σικυωνίου
1900 3067 2074 3169 τραγῳδίαν
2099 3083 2139 3154 εἰς
2160 3077 2253 3142 αύτθν

414 3179 595 3256 ποιήσαντος
621 3178 816 3269 έπεφώνησάν
840 3201 918 3255 τινες
944 3189 1050 3243 τοῦτο·
1078 3177 1145 3243 ὅθεν
1171 3184 1191 3250 η
1220 3180 1376 3269 παροιμία·
1406 3179 1523 3263 βέλτιον
1550 3172 1585 3244 δὲ
1613 3181 1721 3256 ούτως·
1748 3182 1784 3244 τὰ
1810 3177 1937 3270 πρόσθεν
1963 3186 2004 3255 είς
2030 3181 2084 3245 τὸν
2109 3179 2252 3245 Διόνυσον

414 3282 580 3374 γράφοντες
601 3283 719 3356 τούτοις
738 3273 938 3372 ἠγωνίζοντο,
961 3283 1035 3370 ἅπερ
1056 3284 1110 3345 ιιαὶ
1129 3279 1283 3371 Σατυρικά
1305 3281 1444 3371 ἐλέγετο·
1466 3282 1588 3373 ύστερον
1610 3271 1645 3346 δὲ
1667 3282 1852 3372 μεταβάντες
1873 3288 1914 3358 εἰς
1935 3271 2107 3374 τραγῳδίας
2128 3279 2253 3374 γράφειν

415 3385 497 3449 κατὰ
519 3381 624 3474 μικρὸν
646 3389 686 3458 εἰς
708 3381 819 3473 μύθους
840 3386 892 3448 καὶ
914 3384 1043 3473 ἱστορίας
1065 3382 1246 3471 ἐτράπησαν.
1258 3383 1366 3473 μηκέτι
1388 3393 1443 3448 τοῦ
1464 3382 1792 3476 θεοῦ-μνημονεύοντες
1812 3383 1882 3449 ὅθεν
1897 3386 1948 3449 καὶ
1970 3386 2178 3474 έπεφώνησαν·
2199 3385 2253 3448 καὶ

414 3485 602 3576 Χαμαιλέων
623 3487 653 3551 έν
674 3495 720 3568 τῷ
742 3487 808 3574 περὶ
829 3478 980 3561 Θέσπιδος
1000 3487 1042 3549 τοὶ
1063 3486 1258 3574 παραπλήσια
1280 3490 1397 3575 ίστορεῑ
1418 3543 1423 3554 .

410 3673 413 3683 y
568 3588 684 3655 lisdem
700 3589 805 3654 verbis
828 3591 943 3674 repetit
958 3609 995 3652 ee
1009 3587 1124 3653 Suides
1141 3609 1166 3654 s.
1183 3609 1231 3670 v.‚
1253 3591 1287 3652 in
1310 3590 1425 3673 quibus
1441 3588 1537 3656 Otoir.
1552 3589 1666 3656 Miiller
1680 3592 1714 3654 in
1728 3589 1802 3656 Dor.
1818 3590 1858 3654 ll.
1870 3589 1933 3655 367
1956 3611 2011 3677 pro
2034 3594 2076 3665 είς
2097 3588 2190 3654 αὐτὸν
2213 3609 2253 3653 ex

415 3690 572 3774 Herodoto
596 3690 684 3756 dedit
706 3691 740 3756 V.
765 3692 816 3756 67.
840 3695 880 3765 είς
900 3679 1071 3778 Ἄδραστον.
1115 3690 1320 3756 Thiersehius
1346 3691 1381 3756 in
1408 3711 1544 3777 prooem.
1567 3692 1608 3758 sd
1628 3691 1720 3758 Pind
1743 3713 1774 3778 p.
1799 3693 1887 3774 151.,
1915 3691 2101 3758 Welelrerns
2127 3691 2163 3757 in
2183 3691 2254 3758 Ad-

417 3794 525 3858 ditem.
548 3793 588 3858 sd
611 3793 724 3858 Aesch.
748 3793 824 3859 'lril
848 3814 879 3878 p.
902 3793 964 3858 277
987 3794 1132 3857 inserunt
1154 3796 1189 3856 οὐ
1211 3814 1267 3878 pro
1289 3794 1476 3868 ποιήσαντος

569 3895 721 3960 Similiter
749 3897 997 3980 interpretentur
1024 3896 1225 3980 proverbium
1252 3895 1409 3960 Zenobius
1440 3902 1472 3960 et
1496 3895 1728 3980 Diogenienns,
1757 3916 1892 3979 quorum
1920 3896 2001 3961 slter
2030 3903 2111 3962 nent.
2134 3897 2171 3964 V.
2199 3896 2251 3962 40.

417 3999 457 4084 (p.
476 3997 536 4061 137
558 3996 706 4062 leutsch.
730 4003 762 4061 et
776 3997 984 4081 Schneidew.)
1009 3998 1057 4060 έπί
1078 4007 1140 4060 τῶν
1161 3997 1202 4060 τα
1224 3999 1266 4086 μη
1281 3997 1471 4086 προσ-η’κοντα
1492 4008 1555 4072 τοῖς
1576 3997 1780 4088 ὑποκειμένοις
1801 3998 1953 4089 λεγόντων
1974 3997 2154 4088 ἡπαροιμία
2174 3999 2254 4088 είρη-

415 4123 475 4164 ται.
509 4098 575 4163 Ἐπὶ
597 4109 658 4163 τῶν
680 4107 777 4188 χορῶν
800 4091 832 4174 έέ
855 4101 946 4188 ἀρχῆς
968 4097 1139 4188 εἰθισμένων
1163 4087 1344 4188 διθύραμβον
1365 4088 1448 4182 ᾄδειν
1471 4105 1511 4174 εἰς
1531 4101 1586 4164 τὸν
1601 4099 1759 4182 Διόνυσον,
1781 4104 1808 4164 σί
1828 4101 1954 4172 ποιηταὶ
1967 4099 2090 4190 ύστερον
2108 4101 2254 4184 ἐκβάντες

416 4203 473 4271 rto
495 4199 650 4273 συνήθειαν
671 4201 802 4283 ταύτην,
825 4200 955 4276 Αίαντας
975 4198 995 4272 ἦ
1014 4200 1204 4289 Κενταύρους
1224 4200 1359 4291 γράφειν,
1382 4203 1557 4291 ἐπεχείρουν.
1590 4197 1688 4266 Ὅθεν
1710 4206 1739 4265 σί
1761 4199 1904 4291 θεώμενοι
1926 4201 2115 4278 σκώπτοντες
2136 4206 2252 4292 ἔλεγον,

417 4292 504 4366 ούδέν
525 4303 596 4392 πρθς
616 4303 670 4367 τθν
691 4302 840 4368 Διόνυσον.
884 4303 943 4367 urs
965 4313 1038 4395 γοῦν
1059 4311 1153 4368 τοῦτο
1175 4304 1245 4378 τοὺς
1265 4301 1417 4392 Σατύρους
1444 4303 1567 4394 ὕστερον
1590 4293 1692 4379 ἔδοξεν
1714 4307 1816 4384 αὐτοῖς
1836 4306 2040 4394 προεισάγειν,
2067 4305 2117 4369 ἵνα
2138 4304 2180 4393 μθ
2203 4293 2253 4368 δσ-

416 4415 508 4469 κῶσιν
523 4403 770 4470 ἐπιλανθάνεσθαι
791 4415 846 4470 τοῦ
870 4404 947 4470 θεοῦ.
980 4407 1031 4471 Ab
1055 4428 1092 4470 es
1114 4409 1271 4491 scripture
1285 4406 1444 4492 discrepet
1459 4406 1671 4472 coislinianus
1687 4408 1801 4488 sodex,
1824 4428 1923 4491 quum
1941 4409 1974 4474 in
1989 4428 2025 4472 eo
2040 4409 2195 4492 seriptum
2210 4405 2254 4470 sit

417 4507 726 4596 ἐπὶ-ὑποκειμένοις
739 4507 926 4573 λαλούντων·
941 4517 995 4584 τῆς
1009 4508 1067 4598 γὰρ
1081 4508 1226 4583 ποιήσεως
1241 4509 1277 4572 τύ
1291 4517 1410 4596 πρῶτον
1423 4509 1457 4571 έκ
1473 4497 1655 4598 διθυράμβου
1667 4509 1722 4580 την
1733 4509 1886 4598 καταρχὴν
1898 4511 2051 4598 εἰληφυίας
2065 4510 2117 4572 καὶ
2130 4508 2172 4572 τοὶ
2182 4507 2254 4597 πρὸς

415 4609 469 4673 τθν
491 4608 633 4673 Διώνυσον
656 4610 807 4681 ἀνήκοντα
828 4611 1133 4700 πραγματευομένης,
1163 4608 1319 4701 Ἐπιγένης
1344 4614 1360 4673 d
1382 4607 1541 4685 Σικυώνιος
1568 4613 1627 4699 οὐχ
1651 4610 1731 4674 ούτω
1757 4611 1897 4690 ποιεύσας,
1927 4611 2038 4682 ἤκουσε
2063 4619 2174 4674 τοῦτον
2199 4609 2253 4672 τθν

416 4711 522 4803 λόγον·
545 4700 632 4778 οὐδὲν
653 4735 684 4776 π.
706 4734 734 4778 τ.
757 4711 810 4793 Δ.,
840 4733 901 4796 quo
924 4713 957 4776 in
981 4713 1048 4778 loco
1070 4735 1125 4798 pro
1151 4711 1280 4787 Αἴαντας
1301 4712 1464 4778 Bentleius
1485 4712 1617 4778 Dissert.
1634 4713 1722 4778 Phel.
1746 4735 1776 4798 p.
1795 4713 1856 4778 174
1877 4711 2027 4802 Γίγαντας
2048 4719 2081 4778 et
2101 4734 2158 4799 pro
2180 4733 2254 4800 προ-

416 4813 546 4904 εισάγειν
568 4815 680 4879 Gottfr.
703 4815 903 4879 Hermennus
926 4814 966 4879 sd
990 4815 1062 4879 Eur.
1086 4815 1170 4898 Cycl.
1194 4815 1291 4900 prael.
1315 4837 1345 4901 p.
1367 4814 1411 4878 XI
1432 4813 1638 4904 προσεισάγειν
1660 4816 1758 4880 soribi
1779 4817 1949 4881 iusserunt.
1987 4815 2033 4880 Cf.
2057 4814 2096 4879 de
2119 4821 2253 4898 utreque

417 4917 636 4984 emendatione
659 4916 860 4982 Welolerum
882 4916 1089 4982 disserentem
1112 4920 1145 4982 in
1168 4917 1312 5002 Append.
1335 4917 1376 4981 ad
1397 4917 1511 4982 Aesch.
1536 4917 1588 4982 Tr.
1610 4939 1640 5002 p.
1665 4917 1726 4982 277
1750 4937 1798 5002 sq.

568 5020 698 5103 Diogen.
722 5019 788 5084 Vll.
814 5018 862 5083 18.
900 5006 1002 5082 Ούδὲν
1023 5042 1056 5082 π.
1078 5043 1106 5084 τ.
1130 5017 1166 5084 Δ.
1195 5021 1243 5082 έπὶ
1270 5029 1332 5082 τῶν
1359 5019 1400 5082 τοὶ
1427 5019 1468 5107 μη
1495 5019 1686 5107 προσήκοντα
1713 5017 1935 5108 φλυαρούντων.
1976 5015 2106 5106 Πρῶτον
2130 5018 2189 5108 γοὶρ
2216 5017 2253 5082 τύ

417 5121 560 5186 Διονύσου
583 5111 709 5204 ᾅδοντες
730 5123 757 5184 ol
777 5121 915 5201 ποιηταί,
938 5119 1059 5209 ὕστερον
1081 5121 1290 5210 κατεφρόνουν.
1339 5118 1383 5186 Oi
1405 5113 1533 5185 οὖντοῦ
1555 5120 1700 5185 Διονύσου
1718 5124 1833 5212 ,ἔλεγον
1856 5111 1959 5185 Οὐδέν
1980 5145 2012 5184 π.
2034 5143 2062 5186 τ.
2086 5119 2122 5186 Δ.
