4866 6178
368 568 397 634 6.

1188 377 1463 442 ,-18-

595 567 641 632 Hx
669 566 749 632 libro
777 565 1029 631 Chamaeleontis
1059 564 1098 632 de
1127 566 1263 631 Homero
1291 567 1420 649 eiusque
1448 563 1644 630 carminibus
1668 564 1803 630 fortasse
1832 562 2031 628 deduxerunt
2055 582 2107 646 ea,
2140 583 2241 650 quae
2273 566 2311 630 in

443 675 567 735 veteres
597 669 838 734 commentarios
868 666 907 733 de
936 667 1096 754 Apollonii
1123 667 1239 732 Rhodii
1267 667 1486 752 Argonauticis
1516 667 1575 733 sub
1603 665 1854 732 Chamaeleontis
1880 667 2007 730 nomine
2030 665 2201 750 leguntur.
2257 667 2312 730 Ibi

444 774 531 837 enim
558 777 607 836 est
633 770 674 835 ad
699 789 780 836 vers.
811 772 845 852 1,
875 770 935 834 139
963 767 1147 858 Χαμαιλέων
1169 770 1256 854 φησί,
1289 769 1342 832 τόν
1364 767 1506 858 Θέστορα
1527 759 1651 858 Ἴδμονα
1673 767 1771 857 (παρὰ
1792 778 1855 844 τοῖς
1877 769 2023 857 ἀρχαίοις)
2049 765 2227 834 καλεῖσθαι
2254 759 2312 832 διὰ

444 873 611 963 ίμπειρίαν,
635 891 696 956 qua
717 875 752 938 in
774 892 808 937 re
831 892 850 936 a
870 872 1053 955 Pherecyde
1076 870 1224 937 dissentit
1244 873 1488 957 Peripateticus,
1514 870 1598 957 apud
1621 891 1713 955 quom
1734 870 1847 936 Idmon
1869 877 1958 956 pater
1979 871 2165 955 Thestoris,
2193 873 2311 958 patris

445 974 625 1041 Calchantis
647 981 706 1039 est.
750 974 959 1040 Chamaeleon
982 974 1021 1040 de
1036 974 1188 1039 Thestore
1211 995 1302 1058 agere
1324 977 1427 1060 potuit
1448 973 1488 1040 ad
1510 974 1547 1038 ll.
1563 997 1592 1053 α,
1615 975 1673 1055 69,
1694 974 1750 1040 nbi
1773 993 1852 1058 quae
1873 973 2021 1057 leguntur
2040 975 2140 1040 verba
2158 973 2311 1064 Κάλχας

444 1067 628 1164 Θεστορίδης
654 1077 850 1142 Zenodotum
876 1083 1004 1162 propter
1030 1075 1220 1159 Pherecydis
1249 1075 1462 1160 genealogiam
1490 1075 1660 1142 verisimile
1689 1082 1738 1141 ost
1763 1079 1797 1140 in
1825 1073 1929 1164 μάντις
1950 1065 2135 1162 Θεστορίδης
2161 1083 2310 1142 mutare

444 1178 590 1244 voluisse.
633 1178 671 1243 In
694 1199 755 1262 qno
778 1181 847 1243 eina
870 1179 965 1244 dubio
986 1177 1086 1242 falsus
1108 1185 1175 1241 erat
1196 1177 1389 1260 zenodotus,
1411 1199 1487 1243 nam
1508 1181 1543 1242 οὐ
1567 1168 1692 1242 δύναται
1713 1187 1758 1261 τῷ
1780 1177 1860 1269 γένει
1880 1179 1917 1242 τό
1941 1169 2019 1254 εἶδος
2041 1181 2106 1268 ἅμα
2125 1203 2310 1270 συγκατα-

444 1277 594 1361 τίθεσθαις
624 1281 794 1367 Sophocles
821 1282 917 1364 igitur
943 1281 1060 1344 rectius
1088 1281 1216 1364 scripsit
1243 1277 1347 1368 μάντις
1372 1279 1551 1370 Θτσιόρτιος
1577 1283 1609 1344 in
1637 1281 1734 1346 Aiace
1759 1301 1789 1346 ν.
1811 1281 1883 1346 801.
1928 1281 1974 1345 Ci.
1998 1280 2101 1346 Schol.
2124 1282 2306 1368 Lycophr.

445 1383 536 1448 Alex.
559 1384 663 1449 Tacta.
686 1383 776 1464 42⁷,
798 1381 890 1448 Stura
914 1382 952 1447 de
975 1381 1104 1446 Pherec.
1128 1403 1197 1466 pag.
1223 1381 1284 1445 170
1306 1401 1369 1464 sq.‚
1390 1381 1502 1447 Miller
1523 1383 1633 1464 lragm.
1656 1382 1729 1448 hist.
1752 1402 1797 1465 gr.
1820 1383 1836 1447 Ι
1856 1404 1926 1470 pag.
1949 1382 1999 1449 88.
2023 1385 2060 1450 ir.
2084 1383 2134 1450 70.

598 1484 702 1551 Schol.
725 1484 870 1570 Apellen.
893 1484 994 1550 Rhod.
1016 1485 1055 1550 H.
1078 1483 1151 1548 904.
1196 1477 1274 1548 Ὁτι
1296 1471 1330 1546 δὲ
1352 1483 1599 1572 κατεπολέμησεν
1622 1472 1728 1558 Ἰνδοὺς
1749 1488 1766 1547 ό
1786 1485 1940 1566 Διόνυσος,
1963 1485 2114 1561 Διονύσιός
2135 1507 2223 1575 φησι
2249 1489 2306 1550 καί

324 1607 334 1630 ·
394 1542 402 1558 ι
447 1576 653 1676 Ἀριστόδημος
673 1591 705 1651 έν
726 1587 836 1676 πρώτῳ
858 1584 1023 1669 Θηβαῑκῶν
1044 1583 1282 1676 ἐπιγραμμάτων
1304 1586 1355 1648 καὶ
1376 1583 1562 1674 Κλείταρχος
1584 1585 1615 1650 ὲν
1635 1595 1704 1660 ταῖς
1724 1587 1791 1674 περὶ
1805 1576 1995 1674 Ἀλεξάνδρου
2014 1589 2175 1676 ἱστορίαις,
2203 1611 2307 1676 προσ·-

448 1699 571 1778 ιστορῶν
593 1689 640 1753 ὅτι
662 1690 714 1752 καὶ
735 1687 822 1754 Νὺσα
844 1687 909 1778 ὄρος
931 1689 1011 1753 ἐστίν
1032 1692 1063 1752 έν
1085 1677 1193 1772 Ἰνδικῇ
1215 1689 1267 1750 καὶ
1290 1697 1382 1770 κισσῷ
1403 1687 1582 1777 προσόμοιον
1608 1687 1701 1776 ῳυτόν
1723 1687 1883 1776 ῳυτεόεται
1904 1689 1968 1752 ἐκεῖ
1991 1687 2007 1752 6
2028 1689 2305 1780 προσαγορεύεται

448 1781 617 1878 σκινδαψός.
660 1785 814 1866 Ὡςαύτως
843 1780 877 1854 δὲ
903 1792 955 1854 καί
983 1788 1167 1880 Χαμαιλέων
1197 1789 1350 1877 ἱστόρησεν
1378 1791 1408 1853 έν
1429 1787 1558 1878 πέμπτῳ
1585 1792 1651 1878 περὶ
1678 1779 1809 1864 Ἰλιάδος.
1852 1791 1920 1856 Hac
1948 1791 1987 1856 de
2014 1813 2047 1856 re
2070 1791 2304 1859 Chamaeleon

449 1895 587 1960 scribere
616 1913 680 1958 non
706 1895 810 1979 potuit
830 1895 893 1958 nisi
921 1891 961 1958 ad
982 1891 1019 1957 ll.
1042 1883 1069 1968 ζ.
1091 1913 1121 1958 ν.
1146 1891 1223 1974 133,
1250 1894 1284 1956 in
1306 1893 1395 1958 cuius
1418 1891 1478 1956 loci
1501 1891 1628 1956 scholiis
1650 1894 1755 1957 variae
1777 1895 1981 1958 inveniuntur
2003 1896 2233 1961 enarrationes
2259 1894 2302 1960 de

449 1996 582 2062 diversis
603 1995 708 2080 Nysis.
752 1995 891 2061 Dubium
914 2015 986 2059 vero
1009 1999 1122 2076 restat,
1144 1993 1183 2060 de
1206 2013 1268 2078 qua
1288 1994 1375 2078 Nysa
1396 1999 1428 2058 et
1448 1998 1541 2079 podia
1563 2000 1595 2058 et
1615 1994 1773 2081 interpres
1795 1994 1945 2060 Ponticus
1968 1999 2191 2082 cogitaverint

1196 2233 1235 2299 Π.
1279 2234 1331 2298 De
1352 2232 1527 2298 Hesiodo.

580 2465 586 2478 ,
603 2403 877 2470 Chamaeleontem
899 2403 939 2469 de
953 2403 1091 2470 Hesiodo
1113 2405 1279 2488 scripsisse
1301 2405 1521 2487 gravissimum
1541 2405 1759 2468 testimouium
1779 2405 1898 2489 profert
1915 2405 2072 2488 Diogenes
2086 2404 2242 2472 Laertius
2259 2407 2299 2488 V,

452 2507 484 2588 6,
506 2507 542 2589 7,
563 2525 602 2570 ex
623 2508 691 2592 ipso
715 2505 967 2572 Chamaeleontis
989 2505 1068 2572 libro
1092 2506 1229 2592 quodam
1251 2527 1350 2590 quum
1372 2512 1480 2570 narrat
1497 2503 1682 2596 Χαμαιλέων
1702 2527 1738 2568 τε
1759 2506 1800 2568 τὰ
1820 2504 1890 2594 παρ’
1911 2509 2011 2590 ἑαυτῷ
2033 2527 2104 2595 ρησι
2125 2504 2297 2596 κλέψαντα

452 2608 544 2672 αὐτόν
566 2608 634 2693 (τόν
656 2597 865 2698 Ἡρακλείδην)
887 2608 928 2671 τοὶ
948 2610 1016 2697 περὶ
1035 2597 1176 2673 Ἡσιόδου
1198 2609 1249 2671 καὶ
1270 2604 1407 2697 Ὀμήρου
1428 2602 1550 2696 γράψαι
1592 2606 1678 2672 Nihil
1699 2613 1806 2672 lamen
1828 2610 1862 2672 in
1876 2608 2005 2674 Hesiodi
2023 2611 2296 2696 interpretatione

453 2730 525 2776 cum
546 2713 673 2776 uomina
694 2711 898 2796 Peripatetici
919 2710 958 2774 ad
981 2718 1089 2776 nostra
1109 2717 1252 2796 tempora
1272 2712 1426 2796 pervenit.

1086 3033 1127 3108 B.
1179 3033 1402 3110 POETAE
1437 3031 1646 3110 MELICI.

604 3222 681 3288 Post
702 3222 825 3308 epicos,
847 3221 887 3286 de
910 3221 1023 3306 quibus
1046 3223 1138 3288 modo
1161 3224 1297 3306 egimus,
1318 3226 1427 3308 pottas
1448 3221 1555 3306 lyricis
1578 3241 1701 3306 quoque
1723 3240 1849 3308 operam
1872 3221 1960 3288 dedit
1978 3223 2192 3292 Chamaeleon
2217 3225 2289 3291 Ste-

454 3324 592 3406 sichoro,
621 3323 797 3410 Sapphoni‚
825 3326 1035 3406 Anacreonti,
1064 3323 1237 3407 Simonidi,
1268 3325 1364 3406 Laso,
1395 3323 1548 3406 Pindaro,
1581 3343 1713 3408 quornm
1740 3328 1881 3390 carmina
1905 3346 1968 3391 non
1992 3327 2139 3392 dissimili
2160 3331 2288 3393 ratione
2397 3349 2398 3370 ι

429 3432 546 3526 'atque
570 3445 664 3510 qnam
685 3447 781 3512 snpra
802 3429 1004 3510 eognovimus
1026 3447 1099 3492 eum
1120 3433 1273 3492 tractasse
1295 3426 1457 3513 probabile
1480 3433 1537 3493 est.
1583 3429 1683 3506 Quum
1706 3447 1779 3493 vero
1801 3427 1900 3511 lyrica
1920 3431 2024 3514 poesis
2040 3449 2078 3494 ee
2092 3431 2149 3513 sit,
2174 3433 2288 3514 inqua

454 3550 517 3594 non
545 3533 639 3615 putta
666 3533 739 3612 agat
767 3536 803 3595 ut
831 3532 865 3595 in
894 3531 984 3616 spica
1010 3549 1117 3594 rerum
1144 3535 1390 3613 eventorumque
1417 3536 1609 3595 narratorem
1639 3529 1697 3594 sed
1722 3531 1928 3616 interpretem
1956 3551 2079 3614 eorum,
2112 3553 2196 3616 quae
2219 3535 2287 3618 ipse

453 3634 580 3718 penitus
608 3633 743 3696 senserit
769 3651 889 3715 quaeve
918 3633 1130 3696 commotioris
1155 3634 1252 3696 animi
1273 3634 1306 3696 vi
1327 3634 1361 3696 in
1384 3633 1507 3717 seipse
1530 3631 1572 3696 sit
1594 3637 1758 3718 expertus,
1790 3632 1817 3697 ie
1840 3635 1894 3717 qni
1915 3632 2097 3700 malicornm
2119 3639 2286 3721 podtarum

454 3735 595 3798 carmine
621 3732 734 3798 studiis
762 3735 827 3798 suis
853 3737 1068 3820 persequitur,
1100 3739 1169 3798 tum
1195 3735 1371 3798 rectissime
1398 3735 1500 3798 critici
1526 3753 1657 3798 munere
1681 3733 1811 3800 iunctus
1833 3737 1908 3816 erit,
1941 3757 2039 3820 quum
2059 3757 2163 3821 neque
2187 3739 2286 3802 vitam

454 3855 562 3901 eorum
589 3835 764 3919 neglexerit
792 3841 824 3902 et
849 3838 883 3904 iu
910 3857 1014 3901 mores
1041 3836 1186 3920 luemque
1213 3856 1322 3902 eorum
1348 3841 1492 3901 accurate
1519 3837 1734 3920 inquisiverit,
1761 3843 1814 3919 ut,
1844 3857 1924 3921 quae
1947 3859 2041 3903 sensa
2062 3843 2285 3927 expresserunt

454 3937 659 4022 versibusque
682 3945 873 4004 exornarunt
894 3943 1021 4025 positae,
1042 3937 1094 4002 vel
1116 3958 1155 4002 ex
1175 3937 1270 4003 rebus
1293 3957 1401 4003 eorum
1423 3939 1680 4022 fortunarumque
1703 3938 1888 4004 condicione
1908 3947 2030 4026 repetet
2044 3938 2095 4005 vel
2109 3941 2149 4006 ed
2164 3938 2284 4024 ingenii

455 4040 612 4106 culturam
632 4040 901 4125 humanitatisque
924 4042 1176 4126 progressionem
1196 4045 1331 4104 revocet
1376 4040 1464 4118 Quod
1493 4040 1767 4106 Chamaeleontem
1793 4041 1890 4126 probe
1917 4045 2116 4128 perspexisse
2138 4043 2281 4108 arbitror.

454 4142 524 4208 Non
545 4144 640 4226 igitur
662 4141 729 4207 sola
749 4142 957 4208 reconditiora
980 4143 1202 4228 antiquitatum
1225 4142 1366 4207 doctrina
1387 4142 1527 4226 singulas
1549 4163 1598 4207 res
1621 4142 1733 4208 dubias
1756 4143 1916 4227 dissolvit,
1943 4165 2023 4228 quae
2052 4151 2160 4231 utpote
2191 4145 2282 4210 obso-

456 4244 537 4309 letae
566 4245 724 4330 plerisque
755 4247 930 4328 incognitae
961 4251 1082 4310 essent:
1116 4244 1171 4309 sed
1202 4247 1296 4310 etiam
1326 4243 1473 4310 universa
1500 4247 1640 4310 carmina
1666 4244 1706 4309 ad
1733 4250 1896 4332 po'e'ternm
1918 4249 1999 4311 vitas
2021 4248 2157 4330 rettulit,
2191 4254 2280 4312 etex

456 4348 645 4430 rationibus,
668 4367 749 4430 quae
770 4347 834 4412 illis
854 4347 890 4410 in
911 4369 972 4412 usu
994 4349 1077 4412 vitae
1099 4346 1225 4431 publice
1248 4357 1302 4412 aut
1323 4347 1470 4432 privatim
1494 4367 1567 4412 cum
1587 4345 1772 4430 aequalibus
1794 4350 2064 4430 intercessissent,
2087 4369 2124 4413 ea
2145 4349 2280 4414 illustra·

456 4450 503 4513 vit
523 4455 556 4512 et
575 4449 775 4516 illuminavit.
820 4452 869 4514 lta
890 4470 944 4536 pro
966 4449 1050 4514 virili
1072 4447 1225 4516 laboravit
1246 4456 1282 4514 ut
1304 4449 1495 4514 sententiam
1517 4447 1659 4532 eliceret,
1682 4469 1762 4534 qnae
1784 4470 1859 4515 vera
1880 4452 1999 4516 inesset
2021 4454 2222 4517 carminibus.

1164 4689 1217 4754 lll.
1262 4687 1313 4753 De
1343 4687 1575 4753 Stesichoro.

610 4860 694 4937 Quae
716 4859 807 4924 modo
830 4858 912 4940 dixi,
934 4877 1008 4923 vera
1030 4879 1116 4941 esse,
1138 4858 1250 4924 melius
1274 4880 1312 4923 ex
1333 4858 1463 4942 reliquis
1487 4857 1632 4941 cognosci
1653 4866 1758 4944 potest
1779 4881 1874 4944 qnam
1896 4881 1934 4925 ex
1957 4863 2013 4942 iis,
2036 4881 2114 4946 quae
2130 4861 2168 4926 de
2184 4857 2277 4924 Stesi-

459 4961 552 5027 choro
566 4960 718 5028 babemus
733 4959 991 5027 Chamaeleontis.
1028 4959 1075 5026 Ex
1090 4981 1126 5026 eo
1139 4960 1220 5026 libro
1242 4981 1340 5027 uuum
1361 4960 1578 5026 tantummodo
1601 4967 1688 5025 extat
1709 4963 1862 5045 frustum,
1888 4962 1977 5046 quod.
1993 4969 2042 5028 est
2063 4963 2147 5049 apud
2167 4960 2275 5027 Athen.

457 5063 537 5130 xiv.
562 5064 639 5147 630,
662 5085 688 5130 e.
715 5061 900 5152 Χαμαιλέων
927 5051 953 5127 δ’
975 5062 1005 5125 έν
1031 5072 1076 5145 τῷ
1102 5065 1168 5152 περὶ
1189 5061 1372 5152 Στησιχόρου
1398 5065 1449 5126 καί
1472 5052 1683 5151 μελῳδηθῆναί
1709 5085 1795 5152 ῳησιν
1817 5067 1852 5128 οὐ
1875 5065 1964 5152 μόνον
1985 5065 2026 5129 τοὶ
2047 5062 2182 5154 Ὀμήρου
2203 5058 2277 5126 ἀλλὰ

459 5167 573 5230 καὶτὰ
594 5155 733 5231 Ἡσιόδου
755 5167 806 5230 καὶ
828 5163 1016 5254 Ἀρχιλόχου,
1050 5170 1094 5228 tm
1122 5153 1157 5227 δὲ
1179 5161 1355 5255 Μιμνέρμου
1383 5166 1434 5227 καί
1455 5154 1644 5229 Φωκυλίδου.
1689 5167 1769 5232 Mira
1797 5167 1934 5252 prolecto
1957 5175 2047 5250 sunt,
2076 5188 2157 5252 quae
2177 5165 2276 5231 narrat
