4866 6178
149 605 239 672 tandi
261 609 416 670 rationem
438 611 471 669 at
491 604 618 670 dicendi
639 625 737 688 genus
759 623 855 689 pmpe
877 603 970 668 inscii
993 622 1028 668 eo
1050 605 1150 685 magis
1172 605 1340 668 raemoriae
1363 623 1438 667 suae
1465 603 1650 682 infixerunt,
1684 622 1745 685 quo
1771 604 1901 688 propius
1929 603 1975 668 illi
2084 663 2088 673 ,

149 708 190 773 ad
211 707 340 788 Homeri
367 707 528 789 ingenium
552 725 715 790 moresque
742 711 951 770 accesserunt.
996 705 1061 769 Hoc
1083 706 1226 789 inprimis
1250 703 1379 770 obvenit
1399 703 1536 770 Hesiodo
1559 710 1591 767 et
1611 703 1746 768 Pindaro
1768 710 1800 768 et
1820 704 1975 788 Aeschylo

149 817 183 876 et
205 808 362 895 Sophocli.
412 809 451 872 ln
479 829 584 872 eorum
613 810 709 890 igitur
737 809 883 890 vestigia,
916 809 943 870 si
971 807 1041 890 quis
1068 809 1102 870 in
1123 805 1377 891 philosophorum
1398 805 1488 870 libris
1510 807 1715 888 quaesiverit,
1745 805 1836 870 lacile
1858 807 1975 872 incidet

150 933 250 996 eaque
272 913 341 974 sine
363 929 475 993 magno
498 930 555 974 suo
576 911 699 991 negotio
721 908 884 991 indagabit
904 914 936 972 et
958 907 1147 976 odorabitur.

304 1014 457 1090 Quoniam
484 1031 587 1096 pauca
613 1009 651 1076 de
678 1009 798 1074 ratione
826 1009 892 1074 dixi
918 1012 1018 1092 magis
1046 1014 1188 1090 externa,
1223 1029 1303 1092 quae
1325 1008 1471 1072 omnibus
1493 1008 1687 1099 philosophis
1710 1015 1759 1072 est
1780 1030 1853 1074 cum
1874 1013 1975 1094 pottis
2091 997 2095 1006 ⁸

152 1115 416 1202 potissimumque
440 1115 580 1178 cernitur
601 1113 634 1175 in
657 1131 764 1176 eorum
786 1111 946 1176 scribendi
973 1118 1038 1174 arte
1068 1118 1099 1174 et
1125 1113 1157 1174 in
1185 1110 1310 1196 dicendi
1336 1131 1464 1193 genere,
1498 1108 1535 1174 de
1558 1109 1656 1174 altera
1677 1130 1762 1174 nuno
1785 1113 1845 1174 erit
1866 1111 1975 1196 dispu-

152 1217 297 1298 tandum,
321 1235 399 1299 quae
422 1235 487 1279 non
508 1221 574 1276 tam
596 1211 658 1276 late
680 1219 781 1298 patet,
808 1233 912 1296 neque
939 1211 980 1277 ad
1001 1233 1109 1278 omnes
1131 1213 1310 1298 parimodo
1332 1214 1468 1297 pertinet
1489 1210 1611 1276 scholas
1633 1211 1684 1276 vel
1706 1213 1890 1297 scriptores,
1919 1214 1976 1278 sed

151 1340 249 1403 quae,
272 1339 370 1402 quum
392 1316 564 1380 adversarii
585 1314 609 1377 ii
631 1316 696 1378 siut
717 1317 861 1397 interque
883 1335 917 1378 se
941 1335 1035 1399 saepe
1057 1322 1212 1400 pugnent,
1240 1316 1327 1378 varia
1348 1313 1544 1396 singulorum
1567 1321 1614 1377 est
1637 1319 1731 1398 atque
1754 1313 1887 1380 diversa.
1931 1315 1976 1380 lia

150 1421 252 1503 enirn,
274 1409 368 1504 qnam
389 1438 475 1482 nune
497 1417 583 1498 dico,
604 1418 682 1480 ratio
705 1419 804 1499 magis
826 1419 949 1480 interna
971 1422 1033 1493 est;
1056 1422 1199 1480 versatur
1221 1417 1360 1480 enimin
1382 1417 1460 1500 ipsis
1482 1415 1688 1498 imaginihus,
1718 1436 1797 1500 quas
1820 1417 1857 1482 de
1879 1418 1974 1484 mori-

151 1524 211 1588 bus
234 1529 265 1586 et
287 1521 421 1604 ingeniis
443 1518 606 1583 homiuum
628 1522 839 1604 conceperunt
859 1523 983 1603 potitam
1017 1520 1155 1582 cernitur
1175 1520 1207 1582 in
1231 1515 1485 1602 quaestionibus,
1514 1523 1619 1581 utrum
1646 1524 1731 1582 recte
1758 1516 1805 1582 illi
1834 1540 1875 1584 an
1897 1519 1975 1584 laiso

149 1625 383 1709 praeceperint,
406 1629 512 1686 utrum
532 1619 629 1704 probe
651 1640 692 1683 an
713 1639 859 1705 perverse
875 1622 1088 1702 cogitaverint.
1132 1621 1245 1703 Agitur
1260 1621 1355 1702 igitur
1370 1619 1408 1684 de
1424 1623 1587 1704 petitarum
1601 1619 1766 1685 sententiis
1783 1627 1974 1706 quantopere

151 1747 226 1790 cum
247 1722 503 1810 philosophorum
524 1722 667 1786 doctrina
689 1724 889 1787 consentiant
909 1728 965 1785 aut
985 1721 1025 1786 ab
1049 1742 1158 1786 eorum
1180 1723 1357 1805 praeceptis
1380 1719 1578 1784 dissentiant.

305 1824 427 1890 Platoni
455 1823 550 1906 igitur
572 1829 604 1886 et
632 1824 699 1886 eius
729 1826 839 1908 opinor
867 1823 1029 1908 discipulis
1055 1827 1166 1908 potitae
1194 1825 1257 1887 nisi
1283 1843 1404 1887 morum
1431 1829 1652 1907 praeceptores
1674 1843 1737 1887 non
1759 1830 1863 1900 erantr
1893 1823 1974 1890 hane

151 1925 280 1992 laudern
309 1947 344 1990 eo
373 1930 455 1990 certe
483 1931 622 2009 ternpore
649 1928 805 2008 integrum
831 1925 878 1990 illi
904 1925 1088 2006 tuebantur,
1116 1946 1189 1989 mcx
1215 1924 1386 1990 desierunt.
1422 1925 1468 1988 Ea
1493 1921 1589 2006 igitur
1615 1924 1780 1990 hominum
1808 1927 1913 2010 opinio
1940 1929 1974 1990 in

151 2034 272 2093 tautam
298 2027 413 2109 gloriae
440 2025 639 2091 altitudinem
666 2031 774 2112 politas
802 2026 929 2108 extulit,
957 2033 1108 2112 quantam
1129 2026 1208 2090 alius
1231 2028 1398 2110 quisquam
1419 2028 1472 2090 vix
1493 2028 1619 2108 assequi
1641 2032 1757 2110 posset.
1799 2027 1867 2091 Iam
1890 2027 1975 2092 enirn

153 2149 208 2211 eo,
231 2129 312 2212 quod
335 2128 440 2193 divino
463 2131 576 2213 spiritu
597 2129 720 2213 abrepti
742 2134 836 2212 atque
859 2131 938 2214 ipsi,
961 2129 1084 2194 divinae
1107 2149 1181 2192 suae
1196 2131 1273 2193 artie
1287 2149 1382 2213 prope
1397 2130 1515 2210 ignari,
1538 2127 1715 2194 animorum
1729 2129 1983 2202 inflammatione
2092 2116 2095 2124 ’

153 2236 184 2293 et
205 2230 311 2294 alllatu
335 2233 424 2314 quasi
447 2229 583 2314 quodam
604 2231 719 2296 luroris
743 2233 891 2296 concitati
913 2233 1053 2296 carmina
1079 2251 1136 2295 sua
1161 2229 1321 2296 effundere
1345 2230 1557 2296 credebantur
1584 2229 1736 2314 (Plutia
1757 2231 1847 2316 Apol.
1869 2253 1900 2317 p.
1923 2232 1974 2296 22.

149 2333 215 2396 Ion.
239 2353 269 2416 p.
292 2331 354 2397 533
370 2353 416 2416 sq.
446 2332 570 2398 Menon.
594 2354 623 2418 p.
640 2333 692 2397 99.
717 2333 756 2397 de
778 2333 870 2416 Legg.
885 2334 936 2399 IV.
960 2333 1078 2418 pilii.
1107 2331 1240 2397 Phaedr.
1261 2353 1292 2417 p.
1315 2331 1387 2396 263.
1416 2331 1566 2397 Aeschin.
1589 2331 1675 2397 Scor.
1699 2334 1728 2412 1,
1752 2333 1801 2398 13.
1830 2334 1973 2400 Democr.

148 2434 232 2518 apud
255 2433 320 2500 (lic.
342 2435 380 2499 de
404 2435 455 2502 Or.
477 2435 524 2516 11,
544 2435 603 2516 46,
626 2434 697 2500 194.
728 2434 768 2499 de
796 2436 865 2501 Diu.
887 2435 918 2515 I,
940 2435 998 2516 37,
1019 2433 1093 2516 80)ι
1123 2455 1159 2499 eo
1186 2436 1280 2517 igitur
1308 2455 1402 2518 supra
1427 2433 1593 2518 profanum
1615 2433 1779 2498 hominnm
1800 2435 1912 2518 vulgus
1934 2432 1975 2500 ad

150 2535 273 2600 coelum
293 2535 526 2602 extollebantur
546 2541 665 2622 poitae.
711 2539 778 2615 Qua
798 2557 838 2602 ex
859 2539 1089 2602 existimatione
1112 2557 1211 2620 quum
1232 2535 1311 2600 illud
1333 2535 1450 2620 prodiit
1472 2535 1660 2617 discrimen,
1691 2536 1776 2619 quod
1797 2537 1881 2622 apud
1902 2537 1976 2603 Pla-

148 2643 256 2702 tenem
278 2643 327 2702 est
346 2639 381 2702 iu
402 2637 479 2722 Rep.
502 2639 541 2701 ΙΙ.
564 2659 594 2723 p.
618 2638 697 2720 364,
723 2639 779 2704 ubi
806 2628 883 2713 εἶδος
903 2639 1003 2728 λόγοιν
1027 2639 1093 2727 scapi
1114 2627 1300 2712 δικαιοσύνης
1320 2659 1356 2700 τε
1378 2637 1428 2700 καὶ
1450 2627 1567 2711 ἀδικίας
1588 2626 1664 2720 ἰδίᾳ
1683 2659 1719 2701 τι
1740 2639 1903 2728 λεγόμενοι
1924 2640 1976 2702 καὶ

150 2739 219 2802 ὑπὸ
246 2747 408 2810 ποιητῶν
436 2739 617 2804 distinxisse
645 2740 783 2822 videtur,
811 2748 880 2804 tum
897 2761 945 2805 ea
972 2743 1094 2826 opinio,
1123 2744 1231 2824 poetas
1254 2759 1322 2804 esse
1344 2740 1482 2804 Deorum
1503 2739 1600 2821 filios,
1627 2759 1720 2822 quarn
1743 2740 1830 2804 etin
1852 2741 1975 2806 Manen.

150 2861 181 2926 p.
204 2840 255 2904 81.
277 2840 313 2904 B.
336 2841 459 2923 (πολλοὶ
480 2849 543 2905 τῶν
563 2851 696 2914 ποιητῶν
718 2843 781 2908 ὅσοι
804 2841 877 2906 θεῖοί
904 2843 992 2927 εἰσιν)
1021 2849 1052 2907 et
1077 2843 1111 2906 in
1139 2841 1218 2906 libro
1246 2841 1285 2906 de
1312 2841 1389 2926 nep.
1411 2841 1450 2906 ll.
1478 2863 1508 2926 p.
1531 2841 1604 2905 366.
1633 2843 1787 2926 copiosius
1813 2845 1975 2927 pmpesuit

150 2941 249 3008 Plato.
281 2943 320 3007 Iu
342 2945 458 3026 egregii
479 2945 564 3007 enim
586 2943 677 3011 huius
699 2945 772 3009 libri
793 2945 1005 3011 voluminibus
1027 2944 1163 3010 seeundo
1186 2951 1219 3008 et
1239 2946 1331 3009 tertio
1352 2941 1567 3028 philosophus,
1590 2945 1642 3026 qui
1664 2943 1751 3008 locus
1766 2944 1974 3027 assignandus

151 3045 193 3107 sit
218 3047 319 3129 potitis
345 3043 436 3110 docet
456 3047 490 3109 in
512 3066 565 3126 ea,
592 3065 686 3129 quarn
706 3047 969 3132 perfectissimam
990 3047 1204 3128 adumbravit,
1227 3047 1363 3110 civitatis
1385 3047 1500 3129 speeie.
1544 3045 1624 3109 Nam
1652 3048 1762 3110 civitas
1784 3045 1853 3128 illa,
1880 3065 1975 3130 qnam

150 3145 241 3228 quasi
267 3148 471 3212 seminarium
497 3168 567 3213 esse
594 3149 693 3214 voluit
718 3149 807 3215 Plato
833 3151 1176 3234 praestantissimorum
1201 3149 1382 3230 hominnm,
1410 3149 1465 3231 qui
1491 3167 1569 3231 quae
1592 3167 1631 3210 ex
1651 3167 1774 3212 morum
1794 3149 1974 3232 integritate

151 3253 183 3312 et
210 3267 250 3312 ex
278 3251 415 3333 corporis
442 3252 577 3314 sanitate
605 3251 783 3336 mentisque
806 3253 953 3316 firmitate
976 3256 1215 3332 enascerentur,
1244 3251 1382 3334 egregias
1404 3251 1536 3313 virtutem
1558 3249 1592 3314 in
1612 3251 1696 3314 vitae
1720 3253 1895 3316 communis
1915 3271 1976 3316 usu

150 3350 336 3434 probarent:
360 3353 470 3416 civitas
491 3353 588 3435 igitur
608 3353 662 3417 illa
684 3353 847 3438 paullatim
868 3361 960 3418 aucta
982 3363 1014 3418 et
1033 3353 1224 3438 amplificata
1244 3352 1418 3416 artificibus
1441 3371 1563 3434 quoque
1577 3371 1655 3436 opus
1669 3351 1785 3417 habere
1799 3352 1975 3435 videbatur,

151 3455 206 3536 qni
227 3472 323 3537 quum
344 3452 415 3518 aliis
436 3453 599 3520 hominum
620 3457 863 3521 necessitutibus
885 3455 1118 3537 satisfacerent,
1143 3461 1213 3519 tum
1238 3457 1392 3519 musicam
1418 3473 1511 3537 quam
1537 3453 1613 3518 dicit
1633 3453 1722 3519 Plato
1743 3457 1974 3519 institutionem

151 3560 183 3618 et
204 3554 420 3622 educationem
442 3577 567 3639 eorum,
589 3557 642 3641 qui
664 3557 771 3625 adulta
792 3564 894 3622 aetate
917 3557 1075 3623 custodiae
1089 3557 1185 3623 Urbis
1206 3559 1461 3643 praeficerentur,
1482 3559 1516 3619 in
1537 3577 1571 3620 se
1587 3557 1792 3641 susciperent.
1823 3557 1886 3623 Ubi
1901 3577 1974 3621 vere

150 3655 203 3720 ille
226 3655 265 3721 de
291 3658 465 3724 artificibus
492 3680 593 3724 sermo
623 3666 672 3726 est
695 3662 850 3742 iniectus,
882 3662 978 3724 etiam
1007 3660 1046 3725 de
1071 3660 1173 3746 poetis
1202 3661 1267 3743 agit
1292 3658 1512 3744 philosophus,
1546 3677 1623 3742 quos
1653 3659 1798 3724 omuibus
1825 3661 1974 3736 orationis

151 3757 268 3822 aculeis
283 3765 314 3824 et
327 3781 424 3846 prope
438 3761 571 3828 molesta
583 3761 694 3826 iudicii
706 3761 876 3828 acerbitate
895 3764 940 3826 ita
954 3761 1152 3846 perstringit,
1173 3768 1209 3827 ut
1223 3762 1263 3826 ad
1278 3761 1313 3825 id
1326 3781 1441 3825 munus
1461 3762 1591 3824 minime
1606 3761 1672 3844 apti
1691 3760 1858 3825 videantur
1872 3779 1974 3844 usque

151 3861 254 3944 digni,
282 3863 395 3944 quibus
421 3883 461 3928 ea
487 3884 562 3928 eura
584 3863 798 3931 demandetur.
836 3865 906 3930 Nou
933 3885 1079 3949 perverse
1102 3870 1157 3928 ant
1177 3863 1409 3929 inconsiderate
1431 3862 1594 3928 Platonem
1617 3883 1713 3946 quum
1735 3863 1794 3928 hoc
1816 3863 1884 3928 loco
1906 3869 1977 3928 tum'

150 3965 184 4028 in
206 3963 276 4029 libr.
300 3963 338 4028 de
359 3965 436 4050 Rep.
459 3965 496 4030 X.
519 3955 550 4051 p'.
566 3965 637 4030 595.
661 3967 700 4031 de
723 3967 815 4050 Legg.
829 3967 883 4032 111.
906 3988 937 4051 p.
953 3965 1024 4031 682.
1047 3967 1098 4031 lv.
1117 3989 1147 4052 p.
1164 3967 1235 4030 776.
1257 3966 1292 4030 in
1310 3966 1442 4031 Philebo
1464 3986 1495 4050 p.
1511 3965 1563 4046 62,
1584 3965 1701 4030 Phaed.
1724 3986 1754 4050 p.
1770 3965 1820 4028 95.
1844 3965 1973 4030 Theaet.

149 4087 181 4152 p.
199 4065 269 4129 152.
292 4065 330 4130 de
350 4069 451 4152 poetis
470 4068 626 4150 iudicare,
648 4070 773 4154 putabit
793 4070 837 4148 is,
857 4071 911 4152 qui
932 4089 995 4132 uon
1016 4067 1162 4133 universe
1184 4069 1222 4134 de
1238 4089 1347 4134 eorum
1366 4076 1432 4132 arte
1456 4066 1624 4152 quaesierit
1645 4066 1702 4131 sed
1725 4070 1779 4151 qui
1797 4070 1973 4150 angustiore

151 4167 266 4250 studio,
288 4168 395 4251 quales
411 4176 497 4236 vates
518 4170 563 4234 illi
587 4171 686 4236 divini
701 4171 925 4255 descripserint
939 4191 1051 4252 mores,
1075 4192 1146 4236 cum
1160 4171 1291 4236 Platone
1312 4173 1527 4256 persequitur,
1549 4175 1581 4233 et
1602 4172 1634 4232 in
1653 4169 1858 4234 aestimandis
1872 4169 1973 4255 peritis

150 4277 234 4334 totus
255 4269 365 4335 haeret
385 4273 418 4334 in
440 4272 549 4337 morali
570 4273 785 4359 philosophiae
800 4281 897 4358 parte.
941 4273 1026 4350 Quod
1042 4273 1144 4338 iacere
1159 4275 1297 4359 prolecto
1313 4295 1385 4336 eum
1399 4272 1569 4357 oportebit,
1591 4275 1644 4356 qui
1658 4291 1722 4336 non
1736 4277 1838 4336 artem
1853 4277 1974 4358 spectat

151 4372 207 4438 sed
228 4373 399 4438 iuvenilem
419 4374 651 4441 institutionem
672 4379 803 4459 eiusque
825 4375 981 4453 subsidia3
1005 4378 1034 4439 ei
1056 4377 1089 4439 in
1112 4379 1294 4460 quaestione
1317 4375 1356 4440 de
1375 4360 1474 4461 poetis
1489 4381 1574 4440 recte
1590 4373 1778 4439 adhibendis
1794 4376 1821 4438 is
1837 4377 1973 4460 optimus

151 4482 183 4539 et
204 4476 387 4561 aptissimus
409 4475 581 4558 videbitur,
608 4481 661 4561 qui
687 4481 891 4561 gravissimus
918 4478 961 4544 sit
987 4477 1027 4542 ad
1055 4499 1181 4544 omnem
1207 4465 1329 4543 morum
1350 4477 1548 4544 honestatem
1569 4475 1792 4561 perficiendam
1815 4483 1847 4540 et
1868 4477 1973 4543 absol·

150 4579 294 4644 vendam.
328 4579 441 4646 ludicii
462 4580 556 4662 igitur
577 4580 678 4644 severi
701 4581 805 4664 aliqua
826 4585 931 4666 specie
954 4580 1094 4666 explodit
1112 4581 1202 4647 Plato
1224 4583 1393 4647 Homerum
1413 4580 1583 4646 Hesiodum
1604 4581 1755 4662 tragicos,
1783 4581 1897 4665 quippe
1920 4583 1974 4663 qui

150 4679 231 4746 Deos
255 4680 455 4766 depinxerint
475 4680 624 4747 obnoxios
646 4683 791 4748 humanis
814 4684 1039 4769 cupiditatibus
1061 4685 1219 4768 animique
1242 4683 1544 4770 perturbationibus3
1575 4703 1628 4746 eos
1650 4681 1782 4746 enimet
1803 4684 1836 4745 in
1859 4685 1973 4746 carmi·
2095 4765 2098 4780 ¹

150 4784 244 4848 nibus
271 4792 304 4846 et
330 4785 363 4848 in
390 4785 557 4868 tragoediis
584 4787 666 4850 iuter
693 4807 726 4850 se
748 4786 916 4868 hostiliter,
948 4789 982 4850 iu
1004 4786 1147 4852 homines
1169 4809 1225 4872 pro
1248 4808 1304 4852 sua
1325 4785 1456 4852 libidine
1478 4787 1585 4868 inique
1609 4793 1640 4848 et
1661 4786 1778 4848 iniuste
1800 4803 1907 4866 agere,
1938 4788 1973 4847 ut

149 4886 260 4951 fallant
280 4885 423 4952 homines
446 4895 478 4952 et
500 4888 673 4973 decipiant,
702 4889 778 4954 alius
805 4891 935 4955 induere
962 4909 1128 4974 personam
1156 4910 1234 4974 quae
1262 4891 1367 4954 omnis
1395 4889 1480 4953 tertii
1502 4887 1575 4952 libri
1596 4888 1686 4951 initio
1711 4887 1798 4951 brevi
1819 4888 1865 4950 ita
1887 4906 1971 4950 com·

26 5039 33 5054 .
149 4989 296 5075 plectitur
316 4988 422 5074 Plato,
448 4998 485 5056 ut
505 4996 613 5078 potitae
637 4991 720 5056 dicat
740 4992 832 5058 modo
854 5013 967 5078 pueros
990 4993 1101 5057 dooere
1122 4993 1307 5077 parentibus
1330 4991 1414 5056 dicto
1436 5009 1499 5054 nun
1522 4989 1683 5054 audientes
1699 5009 1768 5053 esse
1784 5007 1971 5072 omnemque

150 5093 300 5176 pietatem
328 5099 360 5157 et
388 5093 538 5179 pudorem
568 5115 696 5176 exuere,
728 5093 819 5160 medo
849 5097 933 5160 cives
957 5087 1130 5160 seditiones
1155 5115 1278 5159 morere
1307 5103 1339 5159 et
1366 5093 1497 5158 iniurias
1525 5112 1679 5157 exercere.
1729 5091 1810 5156 Tum
1838 5090 1972 5155 obicitur

149 5195 266 5277 poetis,
296 5196 379 5279 quod
407 5201 473 5264 suis
503 5198 541 5263 de
570 5201 708 5284 pessima
734 5197 904 5262 inferorum
937 5197 1121 5263 condicione
1153 5197 1385 5262 narrationibus
1406 5203 1540 5260 mortem
1566 5193 1805 5260 reformidantes
1835 5190 1973 5257 reddunt
