4866 6178
948 398 1160 464 ,33-

135 609 290 655 uovorum
312 591 486 654 carminum
507 595 693 673 argumenta
713 587 928 654 sumebantur.
971 585 1063 652 Unus
1090 587 1186 670 igitur
1208 585 1322 670 aliquis
1350 607 1389 650 ex
1410 586 1515 652 herois
1542 585 1707 653 cuiusdam
1729 587 1897 654 comitibus
1917 585 1969 652 vel

136 691 231 758 heros
258 694 348 776 ipse,
376 691 428 756 cui
454 692 587 758 fortasse
612 692 697 756 inter
719 690 807 756 chori
833 695 963 754 cantum
985 709 1150 774 personam
1178 692 1302 773 saepius
1324 695 1446 754 mutare
1467 689 1599 771 licebat,
1632 687 1667 754 in
1688 709 1817 756 scenam
1838 689 1968 777 prodiit;

136 796 208 859 eius
231 795 426 858 narrationes
449 795 534 860 chori
557 794 697 858 carmina
718 792 957 876 interruperunt
976 791 1037 872 ita,
1058 796 1095 856 ut
1116 812 1155 855 ex
1176 794 1232 874 iis,
1254 812 1334 875 quae
1357 791 1410 856 ille
1432 811 1515 856 unus
1537 798 1713 873 narrasset,
1735 791 1822 857 chori
1844 785 1968 876 quoqne

135 897 240 960 animi
259 896 311 961 vel
333 895 445 979 gaudio
468 895 519 961 vel
540 897 653 960 timore
676 900 709 959 et
731 893 836 959 dolore
859 893 1069 958 allicerentur.
1112 893 1158 958 Ea
1184 899 1291 958 autem
1318 914 1351 958 re
1374 892 1487 958 chorus
1515 895 1583 978 ipse
1604 895 1744 960 imitator
1764 914 1970 979 personarum
2102 921 2111 934 ·

135 1003 168 1062 et
190 999 377 1078 affectuum,
400 997 574 1087 μιμητικός,
597 997 699 1062 lactus
723 1003 786 1078 est,
808 1015 905 1079 quum
926 997 991 1060 iam
1012 1015 1076 1060 uon
1099 995 1200 1060 solum
1222 996 1363 1078 gestibus
1386 1001 1418 1060 et
1438 994 1528 1060 vultu
1544 997 1719 1060 carminum
1734 1016 1860 1060 suorum
1876 1017 1968 1080 argu·

134 1107 248 1164 menta
269 1101 474 1185 exprimeret,
496 1099 552 1164 sed
574 1101 669 1164 etiarn
691 1119 730 1162 ex
751 1098 855 1180 urbis,
878 1117 958 1182 quae
981 1095 1179 1181 dithyrambo
1193 1097 1294 1162 Deum
1319 1097 1508 1178 celebraret,
1531 1099 1599 1161 cive
1622 1099 1655 1162 in
1677 1102 1816 1164 actorem
1839 1119 1968 1164 conver·

135 1207 258 1268 teretur
280 1207 312 1266 et
333 1208 451 1267 certam
473 1204 661 1285 transigeret
680 1200 807 1266 labulae
828 1219 1005 1286 personam.
1051 1200 1200 1265 Centoras
1222 1201 1318 1283 igitur
1340 1199 1501 1264 desierunt
1514 1199 1613 1264 Attici
1635 1220 1704 1265 esse
1720 1201 1805 1266 cives
1827 1207 1859 1266 et
1879 1200 1968 1270 vide·

135 1306 257 1371 bantur
276 1306 301 1368 ii
322 1324 392 1368 esse
414 1303 475 1367 viri
495 1310 551 1368 aut
570 1303 731 1384 muheres,
753 1303 944 1387 quibuscum
966 1304 1022 1366 uni
1042 1302 1090 1366 illi
1111 1323 1161 1366 ree
1183 1308 1269 1366 esset
1290 1301 1425 1385 agenda,
1453 1321 1648 1386 quorumque
1670 1303 1730 1368 sub
1753 1302 1853 1380 oculis
1875 1323 1968 1386 argu-
2063 1315 2068 1324 ’

134 1409 238 1472 menti
265 1405 373 1472 fabula
398 1408 444 1470 ita
469 1411 629 1488 ageretur,
655 1411 692 1469 ut
716 1410 868 1489 tauquam
894 1404 976 1468 alius
1003 1403 1091 1470 urbis
1120 1407 1204 1468 cives
1232 1405 1282 1469 sui
1304 1404 1424 1470 domiui
1445 1414 1529 1468 sorte
1551 1403 1666 1469 animis
1689 1412 1968 1472 commoverentur.

137 1510 208 1587 Qua
234 1509 274 1574 de
301 1529 334 1574 re
357 1506 408 1572 vel
430 1507 582 1593 Thespidi
603 1506 682 1572 illud
708 1495 795 1571 οὐδὲν
821 1507 893 1594 πρὸς
913 1505 966 1570 τὸν
989 1506 1130 1598 Διόνυσον
1151 1507 1360 1571 acclamatum
1382 1527 1468 1587 esse,
1495 1505 1656 1590 probabile
1679 1513 1737 1571 est.
1781 1505 1844 1572 Sed
1863 1513 1970 1576 utrum

138 1610 350 1676 Chamaeleon
372 1609 432 1674 hnc
455 1611 606 1690 senserit,
634 1630 674 1674 an
696 1611 869 1694 putaverit,
897 1609 961 1672 iam
983 1615 1055 1672 ante
1077 1607 1269 1693 Thespidem
1296 1629 1407 1674 vocem
1428 1607 1517 1673 illam
1539 1628 1608 1673 essa
1630 1608 1748 1676 editam
1770 1609 1888 1692 abiis,
1914 1612 1970 1695 qui

134 1717 250 1799 poetas
276 1713 310 1777 in
338 1711 516 1777 fabularum
543 1713 737 1795 argumentis
764 1710 927 1776 alleccho
954 1713 1122 1775 recessisse
1152 1731 1243 1794 aegre
1265 1711 1399 1792 ferrent,
1427 1730 1468 1775 ex
1494 1709 1547 1775 illo
1574 1709 1615 1774 τσί
1643 1711 1838 1799 παραπλήσια
1860 1715 1972 1800 ίστορεῖ

133 1815 246 1880 evinci
266 1817 387 1898 nequit
429 1815 496 1880 Hoc
524 1819 648 1878 tantum
675 1815 782 1896 negari
809 1834 873 1877 non
900 1819 1022 1898 potest,
1051 1833 1108 1878 nos
1134 1833 1198 1878 uon
1221 1814 1379 1896 integrum
1402 1812 1690 1894 Chamaeleontem,
1720 1813 1777 1880 sed
1798 1833 1836 1880 ex
1857 1813 1970 1882 mutilo

130 1925 163 1982 et
186 1917 356 1983 decurtato
379 1916 481 1981 denuo
505 1915 703 1982 decurtatum
723 1917 899 1998 iterumque
926 1915 1108 1980 mutilatum
1134 1917 1168 1980 in
1189 1914 1300 1980 Photio
1327 1914 1442 1980 habere
1466 1925 1498 1979 et
1519 1917 1553 1979 iu
1575 1914 1686 1992 Suida;
1715 1921 1862 1982 neutrum
1884 1919 1971 1982 enim

134 2039 249 2085 eornm
271 2017 421 2085 credibile
444 2023 495 2082 est
516 2016 765 2084 Chamaeleontis
786 2017 904 2082 librum
925 2016 1056 2100 legisse,
1078 2017 1149 2098 sed,
1179 2037 1258 2100 quae
1287 2015 1401 2082 Suidas
1427 2017 1595 2082 manifesto
1622 2038 1661 2084 ex
1681 2016 1792 2084 Photio
1820 2021 1854 2084 iu
1876 2039 1971 2086 suum

137 2143 235 2188 usum
262 2123 432 2202 convertit,
464 2119 612 2185 Photium
639 2120 744 2206 ipsum
772 2119 990 2185 demonstrant
1017 2140 1055 2183 ex
1082 2123 1187 2184 vetere
1216 2119 1352 2203 quodam
1377 2119 1547 2184 scholiasta
1567 2118 1618 2186 uel
1641 2121 1696 2204 qui
1717 2119 1798 2186 alius
1820 2119 1971 2206 ampliora

136 2227 172 2289 in
196 2231 367 2307 angustum
389 2224 558 2306 coegisset,
580 2243 639 2287 sua
660 2221 819 2303 hausisae;
846 2221 937 2286 aliter
959 2224 1044 2287 enim
1066 2220 1179 2287 Suidas
1201 2224 1267 2286 suis
1289 2241 1353 2287 uon
1375 2220 1565 2286 addidisset:
1592 2221 1643 2286 καί
1665 2219 1851 2306 Χαμαιλέων
1873 2223 1903 2286 ἐν
1923 2233 1970 2306 τῷ

137 2327 206 2412 περὶ
228 2313 379 2399 Θέσπιδος
400 2325 444 2388 τοὶ
465 2324 703 2414 παραπλήσια
725 2329 841 2414 ίστορεί

858 2561 926 2627 XII.
970 2561 1022 2626 De
1049 2561 1250 2645 Aeschylo.

294 2732 545 2798 Chamaeleontis
565 2731 646 2798 liber
660 2732 698 2798 de
713 2732 870 2816 Aeschylo
885 2753 1015 2816 graecae
1030 2733 1209 2816 tragoediae
1226 2733 1314 2816 quasi
1330 2731 1513 2814 decursum,
1533 2751 1629 2814 quem
1642 2737 1714 2817 pest
1728 2731 1919 2818 Thespidem
1933 2755 1971 2799 ea

139 2836 183 2900 sit
204 2856 386 2919 permensa,
408 2840 592 2920 persecutus
616 2839 673 2900 est.
707 2836 811 2914 Quum
832 2841 938 2900 autem
960 2853 999 2899 ex
1012 2835 1092 2918 illis,
1114 2835 1170 2919 qui
1184 2833 1352 2920 Thespidis
1368 2837 1499 2900 inventa
1512 2839 1735 2919 propagarunt,
1755 2856 1863 2918 nemo,
1886 2835 1970 2920 quod

139 2940 294 3018 sciamus,
320 2937 443 3020 lougius
465 2957 648 3022 progressus
676 2939 719 3002 sit
739 2937 912 3022 Aeschylo,
942 2940 997 3022 qui
1019 2936 1154 3002 alterum
1175 2937 1333 3002 invenerit
1353 2942 1490 3002 actorem
1512 2944 1718 3020 actorumque
1740 2936 1918 3004 diverbium
1940 2944 1972 3003 et

140 3039 227 3104 chori
250 3041 314 3105 vim
337 3042 524 3120 coircuerit,
553 3042 606 3104 cui
627 3059 666 3103 ex
686 3040 814 3104 Arionis
836 3046 938 3104 aetate
961 3060 1086 3106 summa
1106 3039 1208 3104 iuerat
1228 3041 1262 3103 in
1283 3039 1441 3125 Thespide
1464 3045 1497 3104 et
1517 3037 1696 3122 Phrynicho
1718 3037 1862 3124 (Aristot.
1883 3040 1969 3106 Post

139 3139 171 3223 4,
192 3139 271 3224 lb),
292 3141 444 3226 Aeschyli
466 3144 531 3205 vitu
551 3161 716 3225 moresque
739 3141 891 3226 singulari
913 3141 1050 3226 quodam
1071 3141 1151 3206 libro
1173 3163 1193 3206 a
1214 3141 1453 3206 chamaeleonte
1474 3142 1601 3205 tractati
1625 3146 1707 3207 sunt.
1753 3141 1849 3207 Cuius
1871 3145 1971 3228 scrip·

138 3246 236 3309 honis
260 3263 450 3328 quamquam
472 3264 589 3328 paucae
612 3242 740 3327 quidem
766 3244 917 3329 reliquiae
945 3244 1004 3308 sub
1031 3245 1167 3310 auctoris
1194 3245 1319 3309 nomine
1347 3243 1438 3309 nobis
1465 3249 1541 3308 sunt
1567 3249 1726 3326 semaiae,
1758 3244 1837 3310 nihil
1864 3255 1972 3312 muron

140 3346 263 3426 obstat,
285 3345 361 3430 quin
383 3344 551 3410 nonnullas
573 3347 608 3410 iu
631 3365 683 3410 eas
705 3348 787 3410 vitas
809 3346 961 3410 transisse
984 3347 1168 3428 credamus,
1189 3368 1268 3431 quas
1291 3345 1415 3429 collegit
1434 3345 1696 3412 Westermauuua
1717 3345 1752 3412 in
1773 3345 1836 3412 Vit.
1857 3347 1970 3433 Script

139 3469 209 3534 pag.
237 3449 298 3512 177
321 3467 369 3532 sq.
411 3449 516 3532 Atque
540 3467 576 3514 eo
599 3448 632 3511 in
653 3447 734 3513 libro
756 3448 795 3512 de
817 3448 967 3532 Aeschyli
988 3448 1127 3513 iuuentis
1150 3469 1219 3513 esse
1241 3452 1348 3514 actum
1376 3447 1469 3513 docet
1490 3446 1605 3513 Athen.
1626 3448 1650 3514 I.
1672 3470 1705 3533 p.
1728 3448 1779 3512 21.
1802 3469 1846 3530 e.,
1874 3470 1971 3533 quum

140 3551 269 3616 scribit:
296 3547 359 3612 Καί
381 3547 527 3637 Αἰσχύλος
552 3538 587 3614 δὲ
610 3553 645 3613 οὐ
666 3549 756 3639 μόνον
779 3541 878 3638 ἐξεῦρε
899 3551 957 3621 τὴν
977 3560 1032 3625 τῆς
1054 3554 1163 3624 στολῆς
1184 3548 1357 3638 εὐπρέπειαν
1384 3550 1437 3613 καὶ
1458 3549 1642 3639 σεμνότητα,
1670 3553 1707 3620 ἢν
1734 3541 1922 3626 ζηλώσαντες
1943 3555 1971 3615 ci
2064 3603 2072 3620 .

141 3649 314 3742 ίεροροίνται
338 3652 390 3714 καί
410 3641 558 3740 δᾳδοῦχαι
579 3650 804 3741 ἀμφιέννυνται,
827 3651 911 3716 ἀλλοὶ
931 3654 983 3716 καὶ
1004 3652 1105 3716 πολλοὶ
1127 3651 1270 3742 σχήματα
1290 3651 1453 3741 ὀρχηστικὰ
1467 3652 1557 3726 αὐτὸς
1571 3642 1743 3741 ἐξευρίσκων
1758 3641 1895 3717 ἀνεδίδου
1910 3663 1972 3728 τοίς

141 3763 304 3843 χορευταῖς
347 3751 533 3843 Χαμαιλέων
555 3763 628 3842 γοῦν
649 3763 769 3844 πρῶτον
791 3753 883 3818 αὐτόν
905 3776 975 3842 φησι
998 3754 1180 3844 σχηματίσαι
1200 3754 1272 3830 τοὺς
1292 3754 1396 3842 χοροὺς
1419 3742 1741 3844 ὀχρηστοδιδασιιίιλοις
1767 3757 1802 3818 οὐ
1823 3753 1973 3845 postpa-

142 3879 206 3938 νον,
239 3855 320 3919 ἀλλὰ
341 3857 392 3918 καὶ
414 3855 505 3919 αὑτὸν
525 3866 588 3930 τοῖς
609 3867 706 3944 χοροῖς
731 3854 772 3920 τοὶ
799 3856 942 3946 σχήματα
965 3865 1111 3920 ποιοῦντα
1130 3865 1193 3920 τῶν
1215 3855 1379 3946 ὀρχήσεων,
1413 3856 1465 3920 καί
1486 3856 1564 3930 ὅλως
1583 3865 1684 3921 πᾶσαν
1704 3857 1760 3928 τίν
1780 3865 1834 3930 τῆς
1854 3879 1974 3947 τραγῳ-

143 3946 206 4034 δίας
232 3957 403 4046 οἰκονομίαν
424 3962 465 4032 εἰς
487 3958 594 4021 ἑαυτὸν
620 3967 788 4046 περιιστᾶνι
814 3957 986 4047 ὑπεκρίνετο
1013 3968 1086 4049 γοῦν
1114 3957 1193 4048 parci
1217 3967 1273 4022 τοῦ
1301 3957 1414 4032 είιιέτος
1440 3957 1481 4022 rol
1508 3945 1657 4046 δράματα
1701 3958 1974 4026 Chamaeleontem

143 4059 181 4123 de
202 4059 406 4125 vestimentis
429 4081 553 4145 quoque
577 4062 694 4143 egisse,
724 4081 805 4144 quae
830 4059 1008 4144 Aeschylus
1037 4061 1211 4126 invenisset
1237 4061 1414 4126 dramatum
1440 4063 1599 4146 personis,
1628 4081 1667 4124 ex
1689 4080 1726 4125 ea
1747 4063 1883 4146 ratione,
1913 4082 1974 4145 qna

144 4162 397 4228 Chamaeleontis
418 4165 536 4228 mentio
559 4162 644 4247 apud
657 4162 857 4227 Athenaeum
878 4161 997 4227 iniecta
1019 4168 1082 4244 est,
1105 4162 1260 4248 suspicari
1280 4162 1440 4229 debemus.
1456 4197 1497 4210 -
1520 4163 1666 4228 Ceterum
1679 4162 1828 4247 Aescbyh
1846 4166 1975 4229 iuventa

144 4285 182 4328 ex
203 4267 273 4330 vita
293 4263 438 4346 Robort.,
461 4285 500 4328 ex
521 4264 635 4347 Suida,
657 4285 696 4329 ex
717 4265 863 4330 Philostr.
886 4267 952 4329 vita
973 4263 1068 4351 Soph.
1094 4267 1123 4346 l,
1144 4266 1173 4330 9.
1197 4265 1304 4348 (Gorg.
1326 4263 1411 4351 apud
1431 4263 1517 4332 Kais.
1537 4285 1567 4350 p.
1584 4264 1662 4347 208,
1686 4263 1745 4348 18.)
1769 4285 1808 4330 ex
1826 4265 1974 4332 Philostr.

144 4369 198 4432 vit.
223 4365 327 4452 Apoll.
350 4366 411 4446 VI,
435 4368 484 4431 ll.
513 4365 614 4451 (apud
641 4367 727 4432 Kais.
754 4387 784 4451 p.
810 4367 899 4450 113.)
927 4366 1169 4450 aBernhardyo
1197 4369 1231 4430 in
1257 4366 1331 4434 Litt.
1358 4367 1439 4432 Hist.
1465 4367 1505 4431 Il.
1528 4358 1597 4452 pn'g.
1625 4367 1688 4432 579
1715 4373 1865 4450 congesta
1890 4373 1973 4434 sunt

145 4467 255 4552 ipsum
277 4489 351 4532 eum
372 4467 572 4534 saltationem
595 4467 739 4533 docuisse
761 4469 905 4549 chorum,
928 4467 1079 4534 discimus
1102 4489 1142 4533 ex
1164 4468 1421 4546 Chamaeleonte;
1451 4467 1490 4533 de
1513 4468 1715 4534 celeberrimo
1738 4471 1806 4534 eius
1828 4469 1974 4536 saltatore

147 4569 273 4636 Teleste
295 4571 436 4635 narravit
455 4569 570 4635 Athen.
593 4569 614 4634 l.
636 4569 658 4634 1.
701 4571 788 4635 Haec
810 4569 960 4654 Aeschyli
981 4591 1032 4636 ars
1054 4571 1101 4637 nil
1121 4571 1218 4637 habet
1238 4570 1327 4650 miri3
1355 4577 1404 4636 est
1426 4591 1464 4636 ea
1485 4571 1569 4636 enim
1590 4570 1677 4636 illius
1699 4571 1831 4654 aetatis,
1859 4592 1922 4656 qua
1941 4575 1976 4636 iu

148 4671 292 4739 saltando
315 4677 348 4737 et
369 4671 509 4736 canende
532 4693 655 4738 somma
677 4673 762 4737 chori
779 4675 828 4738 vis
851 4680 919 4736 erat
939 4674 1043 4758 posita
1062 4675 1123 4757 ita,
1144 4681 1182 4740 ut
1204 4673 1338 4738 eandem
1359 4673 1399 4738 cb
1421 4694 1566 4739 caussam
1587 4674 1735 4756 aequales
1750 4673 1899 4757 Aeschyh
1921 4678 1976 4738 aut

149 4774 267 4842 aemuli
288 4774 523 4840 celebrarentur
550 4774 700 4858 Thespis,
732 4775 893 4857 Pratiuas,
925 4775 1087 4857 Cratinus,
1119 4775 1335 4859 Phrynichus,
1368 4776 1450 4860 quod
1477 4775 1557 4841 dixit
1575 4775 1692 4842 Athen.
1715 4775 1736 4840 l.
1758 4776 1780 4840 1.
1803 4765 1854 4840 δωί
1873 4774 1909 4840 ro*
1933 4775 1975 4863 pal

150 4874 239 4962 μένον
267 4877 308 4940 τὰ
335 4880 450 4940 ἑαυτῶν
479 4864 620 4966 δράματα
646 4873 801 4966 ἀναφέρειν
829 4882 870 4952 είς
895 4875 1013 4966 ὄρχησιν
1038 4885 1143 4966 χοροῦ,
1177 4877 1258 4941 ἀλλά
1284 4877 1336 4942 καί
1358 4868 1416 4952 ἔξω
1437 4886 1499 4940 τῶν
1521 4865 1604 4942 ἰδίων
1625 4875 1801 4966 ποιημάτων
1824 4865 1974 4942 διδάσκειν

150 4977 219 5053 τοὺς
241 4980 332 5061 βοολο
374 5001 448 5053 νους.

300 4975 415 5145 halles
438 5081 461 5146 1.
485 5101 555 5166 pag.
574 5081 632 5163 22,
653 5101 680 5146 a.
704 5076 834 5146 Μεθύων
862 5070 897 5144 δὲ
919 5081 1011 5145 ἐποίει
1036 5079 1091 5155 τὰς
1111 5069 1279 5171 τραγῳδίας
1299 5079 1460 5170 Αἰσχύλος,
1488 5083 1528 5156 ὤς
1549 5103 1620 5170 φησι
1640 5079 1833 5172 Χαραιλίων.
1876 5079 1974 5169 Σορο-
2024 5083 2075 5150 22.

153 5182 225 5256 κλῆς
246 5191 319 5271 γοῦν
342 5171 490 5259 ὠνείδιζεν
513 5186 610 5266 αὐτῷ,
645 5181 691 5245 ὅτι
714 5186 739 5244 εἰ
761 5183 812 5246 καί
832 5181 874 5245 τοὶ
895 5170 1005 5246 δέοντα
1025 5192 1118 5263 ποιεῖ,
1152 5180 1220 5246 ἀλλ’
1242 5186 1297 5246 οὐκ
1319 5171 1405 5258 εἰδώς
1425 5205 1470 5274 γε.
1514 5185 1709 5272 Quibuscum
1730 5183 1872 5250 οοιιίεεεε
1895 5203 1974 5269 quae

1672 5300 1689 5355 5
