4866 6178
1257 371 1467 438 „26-

1007 590 1047 668 C.
1098 591 1450 668 FABULARUM
1483 590 1719 667 POETAD.

598 762 770 847 Postquam
789 761 879 827 libris
901 764 983 845 snis,
1005 783 1083 848 quos
1106 762 1144 827 de
1166 760 1347 827 fabularum
1368 761 1469 848 potitis
1491 763 1649 846 rebusque
1672 764 1808 828 scenicis
1831 764 2061 848 conscripserat
2080 763 2283 845 Aristoteles,

446 867 632 932 auctoritate
654 885 713 929 sua
734 851 855 947 edocit,
887 873 924 929 ut
950 863 1098 950 discipuli
1125 885 1251 950 quoque
1274 864 1514 948 flagrantissimo
1540 865 1643 930 studio
1666 865 1777 929 eadam
1799 864 2064 950 amplecterentur
2085 873 2283 950 argumenta,

445 967 564 1033 multae
586 965 772 1054 prodierunt
793 967 998 1052 scriptiones,
1031 987 1110 1052 quae
1138 966 1183 1031 rei
1211 967 1401 1032 dramaticae
1428 967 1590 1032 historiam
1613 974 1757 1034 accurate
1780 969 2059 1052 persequebantur.
2105 969 2282 1033 Consenta-

445 1090 541 1135 neum
563 1071 647 1133 enim
670 1074 752 1150 erat,
772 1068 1015 1154 Peripateticos,
1043 1071 1152 1154 quiin
1174 1071 1318 1152 magistri
1338 1069 1481 1153 vestigiis
1504 1069 1705 1152 incederent,
1733 1089 1786 1150 ea,
1814 1089 1894 1153 qnae
1917 1076 1973 1134 ant
1993 1069 2205 1136 inchoavisset
2226 1075 2283 1134 aut

445 1173 618 1256 generatim
647 1171 905 1253 significavisset,
938 1173 1093 1256 copiosius
1123 1170 1284 1236 absolvere
1314 1177 1347 1234 et
1375 1170 1506 1236 uberius
1533 1177 1677 1237 tractare.
1721 1171 1770 1236 Ita
1797 1193 1877 1256 qnae
1899 1170 1952 1236 ille
1975 1174 2066 1256 quasi
2086 1175 2282 1258 praeteriens

446 1274 485 1340 de
507 1276 553 1339 rei
575 1275 720 1338 scenicae
740 1272 920 1358 primordiis
943 1279 975 1337 et
996 1275 1190 1351 incremento
1219 1273 1368 1338 docuerat
1393 1273 1427 1338 in
1455 1273 1535 1339 libro
1563 1295 1620 1338 auo
1643 1273 1682 1338 de
1704 1280 1771 1338 arte
1794 1275 1917 1360 politica
1937 1273 1988 1339 vel
2011 1277 2045 1339 in
2066 1275 2281 1359 singularibus

445 1376 535 1442 libris
557 1375 596 1442 de
618 1378 782 1462 po'e‘tarum
803 1375 893 1457 vitis,
916 1395 954 1439 ea
974 1382 1007 1439 et
1027 1374 1281 1462 propagabantur
1302 1381 1335 1440 et
1356 1375 1629 1460 amplificabantur
1652 1375 1704 1440 vel
1726 1379 1817 1442 novis
1840 1376 2055 1462 probabantur
2076 1380 2282 1461 argumentis,

444 1484 482 1544 nt
502 1481 652 1544 universa
679 1479 870 1542 Graecorum
896 1479 962 1542 vita
989 1482 1021 1541 et
1047 1498 1098 1542 ars
1125 1485 1219 1562 atque
1242 1477 1385 1542 doctrina
1407 1476 1448 1543 ad
1469 1476 1685 1564 philosophiae
1708 1480 1861 1544 rationem
1883 1479 2281 1565 revocareturditterisquo

443 1581 676 1647 illuminaretur
692 1585 724 1644 et
744 1578 964 1645 illustraretur.
979 1616 1022 1626 —
1043 1579 1090 1644 Ex
1104 1578 1284 1644 Aristotelis
1304 1581 1430 1664 scriptis
1451 1599 1519 1644 rem
1541 1582 1702 1644 scenicam
1727 1581 1868 1664 attigisse
1881 1581 2010 1663 scimus
2033 1590 2066 1646 et
2083 1581 2199 1646 librum
2213 1583 2282 1670 περὶ

444 1692 615 1763 ποιητικῆς,
639 1688 672 1746 st
692 1687 757 1746 tres
779 1681 877 1747 libros
898 1682 965 1769 crept
985 1690 1128 1762 ποιητῶν,
1152 1689 1185 1746 et
1205 1681 1323 1748 librum
1343 1682 1409 1768 nepl
1422 1669 1610 1770 τραγῳδιῶν,
1633 1681 1696 1746 nisi
1710 1684 1738 1748 is
1754 1683 1831 1748 sorte
1849 1682 1935 1748 illius
1951 1683 2046 1748 luerit
2059 1705 2125 1749 una
2139 1705 2226 1770 para,
2248 1691 2282 1749 et

444 1785 553 1868 libros,
575 1805 653 1870 quos
676 1772 870 1848 διδασκαλίαι
893 1789 925 1848 et
946 1791 1024 1846 νῖκαι
1039 1781 1231 1848 Διονυσιακαί
1253 1785 1421 1868 inscriptos
1443 1784 1541 1848 luisse
1556 1804 1595 1847 er
1609 1784 1759 1868 Diogenis
1773 1785 1889 1850 Ladrtii
1905 1785 2044 1870 catalogo
2060 1785 2144 1852 docti
2160 1807 2280 1852 snmus.
2410 1866 2411 1876 ρ

444 1887 491 1954 ux
514 1886 678 1972 discipulis
692 1885 917 1950 vetustioribus
941 1905 1013 1950 eum
1036 1887 1136 1950 secuti
1159 1893 1235 1950 sunt
1255 1889 1288 1950 in
1311 1885 1485 1951 tractandis
1507 1885 1622 1952 iisdem
1644 1890 1839 1970 argumentis
1854 1889 2062 1954 Aristoxenus
2077 1889 2282 1972 Tarentinus,

444 1989 657 2056 Dicaearchus
686 1987 881 2069 Messenius,
914 2009 953 2052 ex
981 1987 1209 2053 recentioribus
1237 1988 1448 2072 Hieronymus
1477 1987 1637 2071 Rhodius,
1668 1989 1765 2055 Duris
1792 1989 1927 2056 Samius.
1971 1991 2191 2078 Superioribus
2216 1991 2281 2056 illis

446 2089 702 2159 adnumerandus
725 2095 774 2154 est
795 2087 1004 2155 Chamaeleon
1025 2089 1212 2155 Heracleote
1232 2089 1382 2156 Ponticus
1404 2097 1533 2176 propter
1553 2089 1623 2156 illos
1645 2090 1759 2173 libros,
1780 2093 1814 2156 in
1835 2093 1949 2176 quibus
1972 2095 2017 2157 rei
2043 2093 2187 2158 scenicae
2209 2115 2281 2158 sce-

444 2194 589 2279 nicisqne
610 2193 711 2279 poitie
734 2211 860 2277 operam
882 2191 984 2258 dedit:
1005 2192 1071 2280 περὶ
1093 2189 1159 2277 (τῆς
1180 2191 1314 2280 ἀρχαίας)
1337 2182 1514 2281 κωμῳδίας,
1535 2194 1601 2282 περὶ
1623 2190 1781 2281 Σατύρων,
1803 2196 1871 2282 περὶ
1892 2183 2057 2276 Θέσπιδος,
2084 2198 2151 2285 περὶ
2172 2195 2282 2285 Αἰσχύ-

444 2301 515 2379 λου,
538 2316 673 2381 qnorum
693 2293 780 2358 tituli
802 2314 854 2360 eos
877 2294 969 2378 quasi
991 2293 1126 2378 quodem
1149 2295 1343 2378 cognationis
1364 2295 1491 2360 vinculo
1513 2297 1597 2374 inter
1618 2315 1652 2360 so
1675 2295 1720 2360 ita
1737 2297 1924 2362 coniunctos
1939 2297 2038 2362 luisse
2053 2297 2281 2380 demonstrant,

445 2403 567 2464 utnon
588 2417 688 2462 unum
709 2396 760 2462 vel
781 2395 915 2460 alterum
937 2402 1156 2478 argumentum
1177 2395 1218 2462 ad
1238 2396 1440 2461 tractandum
1462 2397 1595 2481 elegisse
1617 2396 1842 2484 philosophus,
1869 2397 1927 2464 sed
1954 2402 2121 2464 universae
2143 2403 2189 2465 rei
2210 2421 2281 2464 sce·

444 2502 536 2565 nicae
556 2497 729 2585 primordia
753 2497 969 2584 copiosissime
995 2503 1183 2583 persecutus
1210 2519 1281 2563 esse
1309 2498 1462 2566 videatur.
1506 2500 1615 2584 Itaque
1643 2501 1670 2564 si
1697 2500 1738 2564 ad
1763 2507 1872 2565 nostra
1897 2506 2041 2586 tempora
2061 2504 2282 2588 pervenissent

444 2601 534 2684 libri,
561 2601 726 2666 historiam
752 2600 941 2666 haberemus
964 2603 1172 2666 certaminum
1193 2601 1334 2683 illorum,
1364 2622 1445 2686 quea
1471 2603 1506 2666 in
1531 2601 1675 2685 Dionysii
1704 2600 1855 2668 honorem
1877 2608 1910 2667 et
1931 2604 2059 2688 publice
2082 2607 2229 2670 instituta
2248 2609 2282 2668 et

445 2726 466 2769 a
485 2706 588 2790 politis
611 2703 768 2768 celebrata
789 2708 878 2780 sunt3
906 2703 1053 2768 ridentur
1079 2702 1102 2767 ii
1123 2705 1219 2786 igitur
1243 2713 1394 2768 nontam
1416 2703 1590 2787 singulares
1613 2706 1816 2788 quaestiones
1844 2725 1939 2790 quarn
1960 2707 2087 2771 maioris
2108 2705 2281 2772 voluminis

443 2813 552 2893 partes
573 2806 689 2889 luisse,
719 2805 802 2889 quod
827 2825 892 2870 uno
918 2805 1052 2870 fortasse
1080 2805 1171 2871 titulo
1199 2805 1420 2871 continebatur
1447 2795 1618 2896 δραματικοί
1645 2805 1694 2870 vel
1721 2803 1863 2896 θεατρικὴ
1885 2808 2013 2896 ίστορία,
2044 2808 2135 2893 quale
2157 2829 2177 2872 a
2196 2808 2282 2874 Juba

445 2909 885 2995 rageposteaconsoriptum
908 2905 1384 2991 asthhot.Bibl.Cod.161.).
1428 2906 1518 2986 Quod
1540 2909 1567 2973 si
1589 2913 1675 2972 recte
1697 2909 1835 2991 conieci,
1857 2907 1930 2975 libri
1952 2930 2048 2974 unam
2069 2917 2192 2997 partem
2212 2912 2280 2999 περὶ
2410 2959 2411 2988 ,

445 3010 580 3099 σατύρων
601 3012 719 3094 egisse,
742 3009 913 3074 secundam
934 3009 1000 3098 περὶ
1021 2998 1196 3098 κωμῳδίας,
1218 3011 1345 3074 tertiam
1365 3011 1432 3098 περὶ
1452 2999 1624 3100 τραγῳδίας
1637 3012 1705 3075 veri
1728 3018 1777 3075 eet
1791 3010 1904 3076 simile.
1940 3011 1987 3076 ux
2002 3033 2040 3077 ea
2055 3033 2152 3098 quam
2166 3012 2281 3078 ultimo

443 3112 513 3178 loeo
534 3111 628 3198 posui
648 3111 722 3176 libri
743 3117 881 3198 partem,
904 3110 984 3177 duae
1007 3112 1157 3177 extabant
1177 3112 1351 3197 particulae
1372 3113 1439 3202 περὶ
1459 3100 1612 3188 Θέσπιδος
1634 3119 1666 3176 et
1685 3113 1752 3202 τιτρί
1767 3111 1926 3201 Αἰσχύλου.
1964 3115 2054 3182 Hanc
2075 3137 2180 3180 meam
2202 3137 2280 3180 con-

443 3217 597 3280 iecturam
618 3213 817 3299 aliquatenus
839 3213 957 3278 firmari
978 3233 1071 3299 possa
1092 3212 1183 3279 video
1206 3235 1246 3277 ex
1267 3215 1434 3296 varietata,
1462 3235 1542 3300 quae
1566 3220 1615 3279 est
1635 3215 1720 3300 apud
1743 3215 1956 3298 Athenaeum,
1981 3218 2016 3282 in
2037 3217 2195 3282 laudando
2216 3237 2280 3284 uno

442 3314 533 3381 libro.
576 3316 761 3381 Athenaeus
784 3318 870 3380 enim
890 3315 943 3380 IX.
967 3337 997 3401 p.
1020 3315 1092 3382 374.
1115 3336 1143 3380 a.
1170 3315 1267 3380 habet
1295 3317 1325 3380 έν
1342 3315 1428 3404 ,ἕκτῳ
1449 3317 1515 3405 περὶ
1536 3305 1697 3405 κωμῳδίας
1724 3325 1757 3382 et
1777 3317 1830 3382 IX.
1852 3340 1883 3404 p.
1906 3318 1978 3384 406.
2002 3340 2030 3384 e.
2059 3320 2091 3383 έν
2112 3319 2193 3404 ἕκτῳ
2214 3321 2281 3408 περὶ

442 3427 498 3494 τῆς
519 3419 643 3508 ἀρχαίας
670 3406 839 3506 κωμῳδίας.
884 3419 969 3496 Quae
990 3417 1154 3502 inscriptio
1180 3417 1318 3502 genuina
1342 3419 1452 3501 luerit,
1478 3438 1519 3483 ne
1541 3439 1581 3482 ex
1605 3417 1747 3503 reliqniis
1769 3418 1893 3504 quidem
1916 3421 2022 3485 evinci
2045 3428 2158 3506 potest.
2201 3421 2280 3487 Nam

444 3520 500 3606 qui
520 3543 551 3607 p.
566 3520 638 3586 406.
656 3541 682 3586 e.
704 3520 852 3586 laudatur
872 3520 1010 3603 Hegemo
1032 3519 1066 3584 in
1087 3523 1203 3585 veteris
1226 3521 1404 3586 comoediae
1426 3525 1589 3607 pottarnm
1610 3540 1742 3586 numero
1765 3529 1829 3604 est,
1851 3528 1884 3586 et
1904 3523 2162 3606 Anaxandrides,
2185 3544 2281 3609 quem

445 3621 655 3688 Chamaeleon
677 3621 852 3703 Rhodium,
878 3620 931 3685 alii
955 3621 1180 3708 Colophonium
1207 3622 1330 3688 faciunt
1352 3623 1483 3706 (Athen.
1506 3623 1558 3688 IX.
1581 3645 1611 3709 p.
1634 3623 1707 3687 374.
1731 3623 1760 3688 b.
1796 3625 1843 3690 Cf.
1866 3625 1904 3690 A.
1927 3625 2120 3690 Meinclrium
2140 3626 2175 3690 in
2196 3625 2279 3690 Hist.

444 3724 512 3790 crit.
535 3747 566 3810 p.
591 3723 691 3810 362),
718 3723 842 3788 mediae
865 3723 1043 3788 comoediae
1064 3727 1166 3809 peritis
1189 3733 1238 3790 est
1259 3725 1489 3804 accensendns3
1523 3745 1620 3811 quum
1646 3745 1720 3790 vero
1747 3726 1786 3790 de
1809 3731 1943 3811 utroque
1965 3729 1999 3791 in
2021 3747 2083 3792 nno
2106 3726 2279 3813 eodemque

442 3825 523 3892 libro
542 3847 645 3892 sermo
662 3832 746 3902 esset
760 3825 911 3907 iniectus,
933 3825 1001 3890 eiua
1016 3826 1145 3892 titulum
1159 3829 1226 3916 περὶ
1239 3816 1401 3916 κωμῳδίας
1415 3828 1513 3892 luisse
1529 3826 1656 3893 credere
1671 3827 1797 3911 malim,
1819 3849 2011 3914 quamquam
2026 3849 2066 3894 ne
2082 3850 2135 3895 eos
2151 3829 2279 3913 quidem

443 3927 672 4014 reprehendere
696 3930 814 4010 ausim,
848 3929 903 4013 qui
930 3928 999 3992 lieri
1027 3932 1169 4015 potuisse
1199 3929 1322 4012 dicant,
1354 3936 1389 3994 ut
1418 3950 1516 4014 quum
1543 3929 1582 3995 de
1609 3933 1740 4015 antiqua
1761 3931 1923 3996 comoedia
1945 3938 2052 4015 ageret
2073 3931 2279 3997 Chamaeleon

443 4030 563 4114 aliquid
585 4031 681 4094 etiam
703 4029 743 4094 de
763 4029 870 4095 media
889 4029 942 4095 vel
962 4051 1046 4095 nova
1066 4031 1235 4117 proterret,
1264 4034 1450 4118 praesertim
1478 4052 1576 4116 quum
1598 4032 1724 4098 facilius
1747 4039 1847 4114 esset,
1875 4036 1909 4098 in
1931 4033 2070 4118 longiore
2092 4033 2165 4099 libri
2188 4033 2278 4099 titulo

443 4131 565 4217 aliquid
586 4133 731 4197 omittere
754 4152 849 4216 quam
870 4132 996 4199 addere.
1040 4133 1075 4198 Si
1096 4135 1191 4217 igitur
1214 4133 1288 4199 libri
1314 4133 1479 4219 inscriptio
1507 4140 1576 4199 erat
1601 4135 1668 4223 crept
1688 4143 1743 4208 τίς
1765 4135 1889 4222 ἀρχαίας
1911 4125 2073 4225 κωμῳδίας
2094 4138 2134 4203 ab
2156 4135 2279 4201 Eumeli

442 4232 644 4320 Peripatetici
665 4233 746 4300 libro
761 4236 815 4299 vix
836 4233 996 4300 diversum
1019 4257 1092 4300 enm
1113 4237 1211 4301 luisse
1231 4239 1384 4322 suspicor.
1418 4239 1487 4316 Qua
1501 4236 1539 4301 de
1554 4257 1588 4301 re
1604 4237 1805 4302 conferantur
1820 4257 1900 4322 quae
1914 4239 2078 4321 Augustus
2093 4239 2278 4320 Mainekins,

442 4337 492 4399 vir
514 4335 718 4418 clarissimus,
739 4339 773 4401 in
795 4337 876 4402 llist.
893 4339 961 4402 crit.
980 4339 1008 4401 l.
1028 4336 1096 4423 p.8
1117 4359 1156 4402 ex
1177 4341 1393 4426 manuscripto
1416 4339 1553 4423 quodam
1575 4338 1694 4404 acholio
1716 4339 1756 4404 ad
1779 4339 1893 4405 Aesch.
1918 4361 1945 4404 c.
1961 4339 2118 4406 Timarch.
2142 4339 2227 4424 §CC
2244 4341 2276 4407 4.

444 4437 568 4502 elicuit:
591 4435 733 4526 Εὔμηλος
754 4442 771 4502 d
792 4435 1033 4526 Περιπατητικὸς
1055 4439 1087 4502 έν
1108 4449 1153 4524 τῷ
1173 4441 1266 4529 τρίτῳ
1288 4442 1429 4528 περὶτῆς
1451 4442 1575 4528 ἀρχαίας
1595 4429 1763 4529 κωμῳδίας
1808 4441 1927 4520 Quodsi
1949 4441 2087 4507 eundern
2113 4463 2186 4508 eum
2208 4463 2277 4508 esse

441 4539 618 4605 Meinelrius
640 4547 725 4605 recte
747 4540 926 4625 suspicatus
949 4547 1113 4625 astatque
1137 4543 1227 4606 cuiue
1248 4541 1389 4630 τέμωσιν
1409 4551 1472 4604 τῶν
1494 4545 1629 4631 ίστοριῶν
1650 4542 1805 4627 Diogenes
1827 4543 1971 4610 hairtins
1993 4544 2032 4627 V,
2056 4546 2084 4627 1,
2108 4546 2136 4608 7.
2159 4544 2277 4626 laudat,

440 4640 608 4707 Eumelum
630 4642 722 4708 illum
744 4643 783 4707 de
805 4643 919 4706 aetatis
934 4645 1069 4725 ratione,
1092 4663 1171 4727 quae
1186 4646 1270 4708 inter
1283 4643 1448 4710 Platonem
1462 4650 1495 4707 et
1508 4644 1710 4710 Aristotelem
1725 4647 1975 4728 intercessisset,
1997 4652 2029 4710 et
2044 4647 2082 4711 de
2098 4646 2276 4713 Aristotelis

441 4752 543 4810 morte
564 4744 646 4809 falsa
667 4765 705 4809 ea
726 4749 758 4808 et
779 4746 908 4826 vitiosa,
930 4765 1010 4828 quae
1033 4746 1095 4811 fide
1119 4753 1276 4827 carerent,
1299 4746 1444 4810 docuisse
1467 4745 1661 4812 credendum
1683 4754 1741 4812 eet
1781 4749 1825 4813 At
1840 4747 1923 4832 quod
1938 4748 1978 4813 de
1994 4747 2162 4832 Stagirites
2176 4757 2275 4814 morte

441 4846 523 4910 falsa
550 4846 657 4912 docuit
682 4847 851 4929 Eumelus,
883 4867 920 4911 ea
946 4849 1017 4932 ipsa
1044 4853 1093 4911 est
1125 4868 1252 4929 caussa,
1286 4869 1341 4913 cnr
1367 4849 1508 4933 proximo
1535 4854 1607 4933 post
1633 4849 1835 4915 Aristotelem
1868 4856 2008 4936 tempore
2037 4872 2110 4915 eum
2137 4852 2275 4935 viguisse

442 4956 498 5014 aut
520 4947 771 5014 Chamaeleontis
793 4950 890 5014 fuisso
913 4949 1078 5034 aequalem
1098 4970 1162 5015 non
1185 4949 1320 5016 credam.
1365 4949 1593 5015 Accensendus
1615 4953 1719 5035 potius
1742 4961 1790 5016 est
1815 4952 2001 5035 aequalibus
2024 4951 2129 5036 Satyri
2147 4954 2275 5040 Peripa·

441 5054 547 5129 tetici,
569 5052 623 5136 qui
644 5052 703 5117 sub
725 5051 905 5117 Ptolemaeo
926 5051 972 5116 Ill
992 5051 1202 5118 Philometore
1225 5051 1340 5117 floruit.
1382 5051 1427 5118 Ut
1456 5052 1495 5116 de
1516 5052 1641 5118 Eumeli
1669 5059 1771 5118 aetate
1801 5053 1963 5138 aliquanto
1990 5055 2119 5120 uberius
2141 5074 2275 5137 agerem,

442 5152 475 5217 id
496 5153 570 5218 inde
598 5154 718 5220 lactum
746 5159 810 5236 eet,
844 5153 929 5238 quod
954 5153 1136 5220 Aristotelis
1163 5153 1213 5219 vel
1241 5155 1337 5218 etiam
1363 5154 1612 5220 Chamaeleontis
1639 5157 1835 5242 temporibus
1864 5156 2041 5222 comoediae
2068 5177 2184 5239 genera
2210 5163 2276 5222 tam
