4866 6178
204 5043 212 5052 ·
332 5027 382 5093 34.

1234 351 1444 415 ..45-

420 541 626 607 Chamaeleon
649 543 717 625 ipse
739 538 840 603 alieno
863 540 989 602 nomine
1011 540 1130 605 abusus
1153 545 1220 619 est,
1242 545 1298 602 aut
1319 542 1394 622 quia
1415 539 1611 622 antiquarius
1633 539 1810 622 nescioqui
1832 538 1926 604 tidem
1947 537 2021 603 libri
2043 538 2253 620 labefactavit,

420 646 473 728 qui
503 642 628 706 dicendi
658 661 771 724 gonaro
794 641 1027 726 Theophrasteo
1056 638 1205 724 deceptus
1234 643 1338 726 ipsum
1361 641 1614 725 Theophrastum
1640 640 1811 726 appellarit
1838 643 2018 726 scriptionis
2048 640 2253 723 conditorem,

420 765 514 829 quem
538 755 771 829 praeceptorem
794 742 1045 808 Chamaeleontis
1068 744 1163 807 tuisse
1187 764 1283 827 supra
1305 764 1363 807 nec
1386 743 1541 807 immerito
1565 741 1708 807 docuisse
1731 742 1884 807 videmur.
1930 743 2049 807 Similis
2072 743 2158 808 euim
2180 765 2255 808 con·

419 849 539 912 iunctio
562 847 700 928 magistri
725 844 934 929 discipulique
957 852 1005 908 est
1019 847 1052 908 in
1067 845 1275 933 θπομνὴμασιν
1291 841 1514 932 Ἀριστοτέλους
1535 841 1555 914 ἡ
1570 841 1768 933 Θεοφράστου
1784 845 1835 927 (ci.
1851 865 1901 909 ma
1924 844 1962 909 de
1982 845 2130 929 hypomn.
2146 866 2176 931 p.
2192 846 2253 926 11.)

420 952 452 1013 in
477 949 555 1012 libro
577 949 642 1035 περὶ
664 947 759 1017 νὴσων
782 936 979 1034 Ἡρακλείδου
1001 944 1266 1035 ἡΦιλοστεφὰνου
1289 947 1372 1032 apud
1391 947 1571 1032 Harpocrat.
1597 967 1624 1010 v.
1648 946 1793 1036 orpbprn3
1817 947 2010 1031 eandemque
2033 949 2255 1012 necessitatem

421 1051 574 1133 suspicari
599 1070 766 1134 possumus
789 1050 869 1133 apud
892 1049 978 1132 lliog.
995 1050 1094 1114 La'e'rt.
1111 1049 1151 1125 Il,
1167 1049 1233 1129 9,‘2
1256 1052 1288 1112 in
1311 1037 1422 1130 Μηδίῳ
1437 1037 1595 1123 Φαίδωνος
1616 1045 1635 1118 ἡ
1652 1047 1790 1137 Αἰσχίνου
1812 1045 1831 1118 ἡ
1848 1047 2030 1130 Πολυαίνου,
2051 1049 2085 1115 in
2108 1047 2255 1125 σκυθικοῖς

420 1153 521 1242 λόγοις
542 1141 700 1225 Φαίδωνος
720 1148 740 1224 ἡ
764 1149 916 1238 Αἰσχίνου,
939 1153 972 1215 in
995 1151 1120 1241 μεγὰλῳ
1144 1140 1299 1238 διακόσμῳ
1321 1147 1553 1238 Δημοκρίτουὴ
1576 1149 1754 1214 Λευκίππου
1777 1151 1876 1242 (Diog.
1895 1151 1996 1217 hadri.
2013 1151 2065 1233 IX,
2081 1153 2111 1234 7,
2128 1151 2199 1234 lb),
2221 1155 2255 1216 in

421 1263 541 1344 μαγικῷ
556 1249 815 1341 Ἀριστοτέλουςὴ
838 1249 1037 1327 Ἀντισθένους
1056 1251 1154 1336 (Diog.
1178 1253 1278 1318 Latrt.
1296 1253 1324 1332 l,
1342 1255 1369 1316 1.
1394 1253 1514 1335 Mabog.
1535 1253 1575 1317 ad
1596 1252 1684 1334 Diog.
1699 1252 1801 1317 Latrt.
1814 1255 1850 1316 V.
1873 1252 1923 1318 35.
1962 1253 2048 1319 Suid.
2069 1275 2099 1319 v.
2114 1250 2254 1337 Ἀντισθ.)

421 1357 499 1422 Utro
520 1376 592 1420 vero
621 1377 734 1419 caussa
756 1355 889 1419 valuerit
916 1358 949 1418 in
970 1353 1035 1418 hoc
1065 1355 1102 1418 de
1126 1355 1285 1438 voluptate
1315 1355 1411 1438 libro,
1440 1375 1496 1420 cur
1519 1353 1635 1440 duplex
1662 1357 1823 1440 scriptoris
1851 1357 2018 1421 numenei
2045 1355 2181 1420 inditum
2202 1359 2255 1438 sit,

422 1465 549 1544 propter
572 1461 762 1542 paucitatem
786 1457 987 1540 reliquiarum
1012 1457 1150 1521 discerni
1173 1459 1291 1540 nequit

574 1561 647 1623 Tria
670 1563 754 1623 euim
776 1559 992 1623 tautummodo
1015 1559 1190 1640 fragmenta
1212 1559 1284 1623 libri
1306 1559 1372 1647 napi
1393 1547 1501 1633 ἡδονῆς
1524 1565 1702 1644 supersunt,
1727 1563 1753 1624 si
1775 1560 1903 1643 quidem
1925 1559 2007 1643 quod
2029 1558 2125 1624 habet
2139 1559 2254 1626 Athen.

422 1663 488 1727 Xll.
512 1683 541 1747 p.
558 1662 665 1726 51].ο.
675 1661 705 1725 d.
729 1663 817 1750 φησὶν
840 1663 870 1724 ἑν
892 1670 936 1742 τῷ
958 1661 1023 1748 περὶ
1044 1649 1154 1734 ἡδονῆς
1175 1658 1369 1748 Θεόφραστος
1391 1659 1431 1724 ad
1454 1659 1724 1725 Chamaeleontem
1750 1662 1949 1726 referendum
1972 1667 2029 1727 est.
2072 1661 2135 1726 Sed
2157 1683 2195 1726 aa
2216 1661 2255 1726 de

422 1785 455 1828 re
478 1759 773 1828 non‘dubitandum
797 1767 870 1842 erit,
900 1765 974 1846 quia
998 1771 1029 1826 et
1051 1772 1268 1844 argumentum
1297 1761 1356 1826 loci
1380 1761 1630 1826 Chamaeleontis
1659 1763 1739 1829 libro
1766 1773 1873 1849 aptum
1896 1763 2021 1828 ridetur
2043 1784 2145 1847 neque
2171 1762 2255 1829 ullus

423 1866 629 1950 Theophrasti
648 1865 726 1929 liber
742 1865 780 1928 de
794 1866 958 1950 Voluptate
979 1864 1156 1928 hominibus
1173 1863 1318 1928 litteratis
1334 1867 1477 1947 cognitus
1489 1871 1546 1929 est.
1570 1865 1752 1930 Athenaeus
1768 1869 1862 1948 igitur
1876 1868 1903 1930 si
1919 1868 2035 1930 erravit
2048 1865 2119 1930 ideo
2135 1886 2257 1930 errasse

423 1967 558 2048 videtur,
581 1971 655 2050 quia
671 1966 937 2031 narratiunculam
954 1967 1039 2030 illam
1056 1966 1094 2030 de
1111 1965 1310 2049 Smindyride
1327 1987 1388 2031 nou
1404 1987 1443 2030 ex
1458 1969 1592 2049 genuino
1608 1967 1663 2032 sed
1680 1989 1718 2032 ex
1734 1967 1872 2033 derivato
1888 1967 2024 2052 quodam
2039 1969 2123 2032 fonte
2141 1967 2255 2033 hausit.

577 2069 690 2134 Athen.
709 2071 760 2134 Vl.
783 2092 812 2154 p.
830 2069 901 2132 273.
917 2070 945 2133 b.
964 2091 990 2134 c.
1014 2056 1211 2156 Σμινδυρίδης
1237 2072 1254 2131 ό
1276 2066 1442 2157 Συβαρίτης
1469 2070 1517 2132 ἐπὶ
1538 2069 1591 2132 τόν
1614 2067 1789 2159 Ἀγαρίστης
1815 2080 1870 2144 τῆς
1892 2067 2089 2144 Κλεισθένους
2111 2066 2257 2160 θυγατρός

424 2165 555 2262 ἐξορμῶν
577 2171 687 2262 γάμον,
714 2171 770 2234 tad
797 2161 901 2258 χλιδῆς
928 2173 979 2233 καὶ
999 2180 1111 2258 τρυφὴς
1137 2171 1248 2258 χιλίους
1275 2171 1458 2260 συνεπάγετο
1487 2170 1605 2246 οἰκέτας
1633 2175 1724 2246 ἁλιεῖς
1750 2173 1802 2234 καὶ
1824 2168 1990 2260 όρνιθευτοίς
2012 2172 2063 2234 καί
2085 2174 2257 2260 μαγείρους

424 2269 510 2350 οότος
533 2264 597 2338 δ’ὁ
619 2275 692 2361 ἁνὴρ
715 2275 765 2336 καὶ
787 2263 972 2347 ἐνδείξασθαι
995 2274 1187 2362 βουλόμενος,
1211 2277 1251 2350 ὠς
1272 2260 1453 2362 εὐδαιμόνως
1476 2264 1543 2353 έίη,
1567 2278 1607 2347 ὡς
1629 2277 1739 2360 ἱστορεῖ
1752 2271 1936 2363 Χαμαιλέων
1958 2272 2137 2348 ὁΠοντικθς
2159 2275 2256 2356 ἐντῷ

424 2379 489 2466 περὶ
510 2367 632 2452 ἡδονῆς,
660 2376 695 2438 τό
719 2364 749 2438 δ’
772 2376 845 2438 αὐτὰ
874 2376 986 2458 βιβλίον
1008 2375 1059 2438 καὶ
1086 2379 1125 2448 ὡς
1147 2372 1344 2462 Θεοφράστου
1367 2371 1502 2462 φέρεται,
1530 2377 1585 2438 οὐκ
1610 2381 1666 2462 ἔφη
1693 2375 1747 2438 τόν
1768 2375 1852 2445 ἡλιον
1874 2381 1949 2440 έτῶν
1964 2359 2078 2440 Ιεἰκοσιν
2101 2375 2162 2440 οὔτ’
2184 2378 2258 2438 ἁνα-

424 2479 574 2542 τέλλοντα
595 2478 665 2540 οὔτε
689 2466 832 2564 δυόμενον
855 2476 1029 2564 ἑωρακέναι·
1052 2477 1103 2538 καί
1125 2475 1205 2538 τοῦτ’
1227 2469 1264 2546 ἦν
1286 2478 1370 2557 αὐτῷ
1393 2475 1473 2567 μέγα
1495 2479 1546 2539 καὶ
1569 2473 1742 2564 θαυμαστόν
1763 2477 1834 2565 πρός
1856 2467 2053 2568 εὐδαιμονίαν.

577 2579 623 2644 De
639 2579 855 2662 Smindyride,
878 2583 931 2662 qni
955 2581 1037 2642 inter
1053 2599 1160 2662 procos
1183 2579 1278 2641 luerit
1292 2578 1471 2661 Agaristae,
1494 2578 1664 2642 Clisthenis
1681 2578 1820 2662 Sicyonii
1843 2581 1936 2662 tiliae,
1957 2587 2064 2645 narrat
2079 2580 2257 2646 Herodotus

424 2683 564 2762 V1,1·27.
588 2683 647 2746 ἁπθ
671 2681 724 2771 μὲν
748 2670 785 2752 δὴ
807 2678 931 2754 Ἰταλίης
951 2674 1027 2752 ἦλθε
1041 2669 1238 2768 Σμινδυρίδης
1260 2685 1276 2741 ό
1299 2676 1518 2768 Ἱπποκράτεος,
1542 2679 1720 2769 Συβαρίτης,
1747 2679 1778 2756 θς
1800 2683 1847 2745 ἐπὶ
1868 2686 2007 2746 πλεῖστον
2030 2671 2067 2755 δὴ
2089 2672 2193 2771 χλιδῆς
2216 2679 2259 2757 εἷς

425 2786 498 2872 ἁνὴρ
521 2786 655 2848 ἀπίκετο.
700 2782 732 2846 ln
761 2783 893 2847 eundem
923 2783 1091 2846 incidimus
1114 2782 1300 2864 Mindyridis
1329 2783 1454 2846 nomine
1477 2782 1667 2868 appellatum
1690 2783 1775 2869 apud
1797 2783 1886 2848 Diod.
1910 2785 1971 2850 Sic.
1995 2788 2029 2848 in
2050 2786 2193 2871 Excerpt.
2218 2785 2257 2849 de

426 2887 504 2951 Virt.
521 2896 553 2950 et
565 2889 626 2950 Vit.
644 2909 673 2971 p.
690 2886 761 2950 549.
786 2889 838 2968 qui
862 2888 974 2970 partim
999 2885 1106 2948 eadem
1131 2887 1245 2970 partim
1267 2884 1329 2948 alia
1351 2884 1390 2949 de
1413 2905 1448 2948 eo
1471 2887 1598 2968 profert,
1619 2885 1675 2949 ubi
1697 2885 1789 2949 dicit:
1812 2883 1976 2973 ἀναχθῆναι
1999 2888 2033 2950 ἐκ
2049 2887 2205 2975 Συβάρεως
2227 2889 2259 2950 ἐν

425 2990 652 3074 πεντηκοντόρῳ
680 2987 748 3061 τοὺς
775 2987 876 3075 ἐρέτας
904 2993 1012 3074 έχοντα
1039 2975 1129 3060 ἰδίους
1156 2987 1285 3060 οἰκέτας·
1318 2979 1359 3049 ὧν
1381 2982 1546 3064 εἶναιτοὺς
1574 2986 1627 3076 μὲν
1649 2991 1753 3066 ἁλιεῖς,
1780 2987 1850 3062 τοὺς
1876 2977 1909 3050 δὲ
1931 2986 2130 3078 όρνιθοθὴρας·
2163 3011 2259 3077 παρα-

425 3091 585 3180 γενόμενον
600 3079 634 3152 δὲ
657 3094 697 3163 εἰς
711 3087 849 3151 Σικυῶνα
870 3101 935 3163 ταῖς
957 3089 1037 3151 κατά
1059 3089 1114 3159 τὴν
1130 3090 1230 3152 οὐσίαν
1245 3099 1445 3176 παρασκευαῖς
1466 3091 1501 3152 οὐ
1517 3088 1606 3178 μόνον
1619 3091 1690 3164 τοὺς
1712 3089 2021 3176 ἁντιμνηττεόσαντας
2042 3091 2123 3154 ἁλλὰ
2137 3093 2188 3154 καὶ
2205 3092 2259 3154 τόν

426 3191 568 3280 τόραννον
591 3191 681 3254 αὐτόν
704 3195 845 3278 ὑπερᾶραι
872 3192 977 3278 καίπερ
1004 3201 1058 3264 τῆς
1084 3191 1199 3264 πόλεως
1227 3193 1310 3272 αὐτῷ
1336 3188 1432 3265 πάσης
1458 3191 1780 3280 συμφιλοτιμουμένης·
1810 3193 1841 3255 έν
1863 3181 1896 3256 δὲ
1917 3202 1962 3274 τῷ
1985 3193 2063 3281 μετὰ
2084 3195 2139 3264 τὴν
2162 3185 2259 3281 ἄφιξιν

428 3283 537 3375 δείπνῳ
565 3293 736 3379 προσιόντος
757 3293 849 3366 τινός,
877 3293 957 3367 ὅπως
979 3291 1149 3375 κατακλιθὴ
1175 3293 1246 3380 πρός
1268 3293 1370 3371 αὐτόν,
1399 3298 1490 3356 εἰπεῖν
1513 3293 1559 3356 ότι
1581 3293 1662 3356 κατὰ
1683 3294 1719 3355 τό
1742 3293 1881 3383 κη’ρυγμα
1902 3293 2042 3382 πάρεστιν
2063 3293 2082 3366 ἡ
2106 3295 2184 3384 μετὰ
2205 3303 2261 3368 τῆς

426 3395 565 3486 γυναικός
585 3392 605 3466 ἡ
628 3396 716 3483 μόνος
738 3392 1038 3482 αατακλιθησίμενος.
1072 3395 1218 3458 Extrema
1240 3394 1294 3458 illa
1316 3395 1447 3458 tortasse
1470 3415 1532 3458 uon
1555 3395 1730 3480 putandum
1753 3401 1801 3458 est
1823 3397 1862 3459 ab
1879 3417 1914 3461 eo
1936 3397 2074 3482 prolecta
2096 3417 2181 3479 esse,
2204 3397 2261 3461 sed

427 3501 511 3563 sicut
532 3497 595 3561 alia
615 3500 660 3561 ita
682 3497 758 3561 haec
782 3517 905 3580 quoque
929 3499 955 3559 ei
980 3498 1086 3560 allicta
1108 3497 1263 3562 videntur.
1299 3496 1337 3559 cf.
1355 3497 1468 3560 Athen.
1484 3496 1551 3560 Xll.
1575 3519 1604 3582 p.
1621 3496 1770 3562 atahe
1793 3497 1844 3562 Vl.
1868 3521 1898 3584 p.
1914 3498 2062 3564 trabs.
2086 3498 2196 3564 Sanco.
2221 3499 2261 3565 de

428 3600 477 3664 Ira
499 3602 542 3678 ll,
563 3601 612 3664 to.
658 3599 712 3664 Est
740 3602 832 3662 etiarn
862 3599 943 3682 apud
967 3599 1132 3662 Aelianum
1160 3603 1191 3663 iu
1215 3600 1285 3662 Var.
1304 3598 1418 3664 Hister.
1439 3598 1497 3677 IX,
1517 3599 1558 3660 24
1581 3598 1666 3663 locus
1688 3600 1744 3664 ubi
1766 3605 1916 3682 tanquam
1938 3601 2029 3665 homo
2053 3601 2205 3666 delicatus
2230 3608 2263 3665 et

428 3703 607 3766 luxuriosus
631 3703 818 3786 depingitur.
854 3702 1012 3778 Quomodo
1035 3705 1116 3764 inter
1138 3721 1247 3786 procos
1270 3702 1432 3782 Agaristae
1456 3721 1524 3764 sese
1547 3703 1689 3783 gesserit,
1711 3700 1808 3765 habes
1825 3701 1966 3781 uruat:
1990 3692 2186 3792 Σμινδυρίδην
2207 3703 2262 3765 τόν

428 3803 594 3890 Συβαρίτην
615 3802 752 3893 λέγουσιν
776 3805 823 3867 ὲπί
849 3813 994 3866 τοσοῦτον
1015 3813 1126 3890 τρυφῆς
1153 3793 1300 3877 ἐξοκεῖλαι
1327 3808 1366 3878 ὡς
1396 3807 1435 3877 εἰς
1457 3800 1594 3866 Σικυῶνα
1616 3803 1706 3867 αὐτόν
1728 3800 1886 3891 ἀφικέσθαι
1909 3813 2064 3892 μνηστῆρα
2086 3802 2263 3895 ’Ἀγαρίστης

427 3915 482 3980 τῆς
505 3901 700 3979 Κλεισθένους
727 3905 778 3967 καί
806 3901 970 3993 ἐπάγεσθαι
998 3906 1109 3992 χιλίους
1137 3903 1190 3992 μὲν
1217 3906 1388 3994 μαγείρους,
1418 3903 1579 3979 τοσοότους
1606 3893 1641 3968 δὲ
1663 3901 1830 3992 ὀρνιθευτὰς
1856 3907 1907 3968 καὶ
1929 3909 2020 3982 ἁλιεῖς
2046 3907 2171 3994 χιλίους,
2200 3927 2262 3990 quo

429 4008 496 4073 loco
518 4027 678 4072 serrorum
704 4027 865 4070 numerum
889 4007 1050 4070 Athenaeo
1073 4009 1222 4070 maiorem
1246 4006 1334 4071 dedit
1355 4006 1514 4071 Aelianus.
1554 4006 1642 4084 Quod
1664 4027 1737 4072 vero
1760 4006 1840 4070 dixit
1854 4007 2072 4090 Smindyrides
2095 4029 2128 4075 se
2150 4008 2264 4092 viginti

429 4131 485 4196 per
505 4131 604 4174 annos
627 4108 724 4172 solem
748 4130 804 4172 nco
822 4109 1015 4172 occidentem
1035 4129 1091 4172 uec
1107 4111 1258 4172 orientem
1275 4109 1408 4190 vidisse,
1431 4109 1636 4173 Casaubonus
1652 4111 1712 4172 iam
1730 4129 1767 4172 ex
1782 4108 1881 4174 Suida
1896 4109 2029 4174 contulit
2044 4131 2116 4176 cum
2131 4111 2263 4176 Timasii

429 4213 482 4276 illo
498 4216 552 4296 qui
568 4211 734 4275 Theodosii
751 4219 852 4274 aetate
870 4211 935 4275 luit.
958 4211 1136 4292 (Animadr.
1152 4233 1181 4296 p.
1196 4211 1267 4274 294.
1281 4210 1312 4290 i.)
1342 4213 1446 4294 Atque
1462 4210 1545 4275 idem
1561 4231 1721 4276 summum
1737 4211 1827 4275 duxit
1841 4231 1909 4276 esse
1927 4212 2042 4276 bouum
2064 4217 2141 4301 ἔχειν
2162 4216 2262 4296 ἐαυτῷ

430 4313 477 4377 ότι
499 4314 637 4396 βούλοιτο
659 4309 784 4401 χρῆσθαι
805 4314 856 4375 καί
879 4303 987 4391 ἀδεῶς,
1011 4302 1061 4376 διά
1081 4334 1117 4375 τε
1139 4311 1233 4400 μέθην
1254 4312 1348 4376 νόκτα
1370 4315 1421 4376 καὶ
1442 4311 1555 4401 ἡμέραν
1577 4316 1631 4375 οὐκ
1654 4302 1778 4394 εἰδέναι,
1807 4314 1869 4376 οὔτ’
1893 4313 2098 4378 ἀνατέλλοντα
2120 4316 2172 4378 καί
2193 4303 2264 4377 δυό-

431 4438 520 4504 μενον
540 4415 593 4477 τόν
614 4415 699 4485 ἥλιον
721 4411 860 4502 καθορὰν,
882 4418 933 4477 ἶσα
954 4417 1005 4476 καί
1028 4417 1150 4502 οὐρανῷ.

585 4517 790 4581 Chamaeleon
815 4517 1002 4581 luxuriosam
1027 4517 1189 4600 Sybaritae
1212 4517 1309 4582 vitam
1332 4537 1527 4601 comparasse
1551 4515 1676 4580 videtur
1698 4537 1768 4580 oum
1792 4517 1928 4602 simplici
1944 4518 2102 4583 Aristidis.
2136 4517 2264 4584 Utrius-

432 4640 493 4704 que
509 4620 575 4684 vita
589 4622 707 4682 variam
731 4620 837 4682 attulit
853 4619 1060 4704 voluptatem,
1083 4618 1303 4702 Smindyridae
1327 4621 1479 4704 corporis,
1501 4619 1634 4686 Aristidi
1648 4639 1721 4682 varo
1745 4621 1900 4682 sinceram
1916 4627 1948 4682 et
1962 4621 2145 4701 infucatam,
2168 4640 2265 4702 quam

432 4742 471 4786 ex
499 4729 584 4785 recta
612 4720 805 4785 conscientia
834 4723 882 4783 sui
910 4723 1125 4803 factorumque
1154 4741 1280 4784 suorum
1305 4727 1440 4805 ceperat.
1484 4721 1594 4786 Marito
1621 4723 1716 4804 igitur
1738 4720 2011 4786 Chamaeleontem
2033 4725 2186 4805 integram
2208 4742 2263 4786 ro·

432 4825 583 4910 luptatem
615 4843 676 4886 non
700 4825 892 4905 quaesivisse
915 4823 1105 4887 credendum
1129 4830 1179 4886 est
1207 4823 1240 4886 in
1269 4823 1324 4902 iis,
1354 4842 1434 4905 quae
1462 4822 1608 4886 sensibus
1638 4823 1813 4906 placerent,
1843 4822 1898 4886 sed
1927 4823 1961 4887 in
1993 4825 2048 4906 iis,
2083 4811 2163 4908 quae
2191 4844 2266 4888 cum

433 4925 596 4990 honestate
619 4928 842 4990 consentirent.
877 4925 987 5007 ltaque
1010 4925 1124 4989 Athen.
1141 4925 1207 4988 llll.
1232 4945 1260 5008 p.
1277 4923 1424 4988 511.e.d.
1448 4931 1570 4989 narrat:

584 5016 695 5102 Οὐδεὶς
723 5017 757 5091 δὲ
782 5028 863 5116 λέγει
884 5027 936 5088 τόν
959 5015 1139 5114 Ἀριστείδου
1162 5028 1224 5108 βίον
1246 5015 1320 5097 ἡδὺν
1342 5026 1423 5089 ἀλλὰ
1443 5026 1497 5089 τόν
1519 5015 1713 5114 Σμινδυρίδου
1735 5036 1789 5090 τοῦ
1811 5024 1978 5116 Συβαρίτου
2000 5029 2050 5090 καί
2072 5027 2124 5090 τόν
2146 5023 2267 5115 Σαρδα-
2369 5009 2374 5018 ’

434 5128 602 5209 νατάλλου,
629 5131 728 5193 καίτοι
756 5126 873 5219 κατάγε
899 5129 955 5200 τὴν
977 5116 1078 5209 δόξαν,
1106 5129 1192 5216 φησὶν
1215 5129 1311 5210 ἐντῷ
1338 5130 1404 5216 περὶ
1430 5116 1539 5202 ἡδονῆς
1560 5126 1769 5217 Θεόφραστος,
1800 5131 1858 5215 οὐχ
1881 5131 1990 5218 ὁμοίως
2015 5129 2150 5219 λαμπρός
2177 5129 2266 5192 ἐστιν.
