4866 6178
973 379 1184 444 ,ης-

150 573 304 634 accurate
326 587 396 632 essa
419 566 586 649 distincta,
608 573 645 632 ut
666 587 775 632 eornm
791 568 921 632 nomina
936 565 986 631 vel
1000 566 1035 631 iu
1055 566 1206 633 librorum
1221 567 1328 633 titulos
1344 569 1534 648 transirent,
1556 569 1610 632 vix
1625 566 1769 634 arbitror.
1805 565 1997 635 Discrimina

151 669 287 756 quidem
314 688 464 753 generum
492 676 524 732 et
545 670 778 753 quaerebantur
800 675 832 733 et
861 669 1125 750 observabantur,
1159 673 1250 734 cuius
1277 671 1323 733 rei
1344 670 1436 734 testis
1462 675 1512 734 est
1533 669 1734 752 Aristoteles,
1764 671 1819 754 qni
1844 691 1943 754 quum
1962 670 1999 734 iu

149 759 259 838 Ethic.
281 771 402 838 Ninum.
426 771 478 852 iv,
502 771 531 836 8.
556 771 594 836 de
617 775 759 846 παλαιαῖς
780 771 835 834 καὶ
855 782 969 845 καιναῖς
990 761 1164 860 κωμῳδίαις
1190 770 1354 855 loquatur,
1382 792 1446 836 non
1475 771 1513 836 de
1540 771 1766 838 vetustioribus
1793 781 1826 836 et
1847 771 1886 836 de
1908 775 1998 838 novis

149 874 249 941 modo
261 876 340 938 actis
356 875 471 958 cogitat
485 873 667 954 comoediis,
681 873 739 938 sed
751 871 790 938 de
802 872 927 938 duobus
942 875 1026 938 iuter
1037 893 1071 938 se
1084 872 1217 938 diversis
1232 871 1412 957 generibus,
1427 873 1466 938 de
1479 894 1611 958 qnorum
1626 881 1734 939 tamen
1748 875 1870 939 ratione
1886 877 1998 940 etiam·

151 983 227 1043 tum
253 961 317 1042 noh
344 961 390 1042 ita
416 975 508 1040 valde
535 978 619 1040 inter
645 977 729 1039 viros
758 974 866 1041 doctos
895 976 1069 1042 constabat.
1120 974 1201 1039 Nam
1231 975 1308 1040 adeo
1337 974 1501 1062 paullatim
1529 976 1692 1042 comoedia
1717 978 1848 1060 antiqua
1873 978 1908 1040 in
1937 975 2000 1041 alia

151 1081 334 1171 recentiora
362 1097 478 1162 genera
505 1077 762 1158 convertebatur,
795 1079 911 1160 utqui
939 1079 1007 1143 eins
1034 1079 1285 1163 progressionem
1307 1076 1473 1142 observare
1495 1077 1605 1161 vellet,
1639 1099 1737 1162 quum
1758 1078 1883 1143 medius
1904 1079 1938 1142 iu
1961 1099 1999 1144 sa

151 1183 294 1262 inesset,
327 1201 476 1264 generum
500 1178 684 1244 discrimina
705 1199 769 1243 nou
791 1179 836 1242 ita
857 1177 1007 1243 distincte
1030 1179 1160 1244 delinire
1182 1187 1305 1265 posset;
1338 1199 1412 1244 nam
1439 1179 1602 1246 hominum
1628 1201 1719 1246 mens
1741 1183 1786 1244 ita
1808 1185 1857 1245 est
1877 1185 1999 1277 parata,

153 1290 194 1349 ut
214 1283 318 1348 multo
341 1281 502 1347 difficilius
530 1301 611 1366 quae
639 1282 718 1346 liant
744 1287 776 1345 et
802 1300 862 1365 qnn
890 1281 997 1363 modo,
1031 1301 1126 1364 quam
1153 1302 1233 1365 quae
1261 1283 1346 1346 facta
1374 1289 1405 1346 et
1427 1280 1572 1347 absoluta
1592 1285 1658 1347 sint
1679 1289 1854 1366 cognoseat.
1899 1281 1998 1348 Multo

151 1389 254 1470 igitur
267 1387 458 1450 recentiores
473 1385 534 1448 viri
556 1383 658 1466 docti,
680 1402 813 1466 quornm
826 1384 927 1449 menti
948 1388 1013 1447 tres
1028 1383 1100 1448 illae
1117 1391 1234 1448 aetates
1251 1383 1429 1450 comoediae
1446 1383 1697 1451 obversabantur
1711 1385 1773 1449 ianr
1789 1383 1952 1450 absolutae
1967 1389 2000 1448 st

150 1489 410 1576 perlectae,.eas
432 1486 680 1569 significationes
697 1483 826 1551 demum
842 1488 1033 1551 invenerunt
1047 1495 1100 1560 τῆς
1115 1487 1254 1574 ἀρχαίας,
1278 1485 1384 1574 μέσης,
1407 1485 1475 1560 νέας
1489 1474 1665 1574 κωμῳδίας,
1688 1508 1782 1571 qnam
1797 1488 1835 1552 ob
1852 1507 2000 1552 caussam

152 1611 211 1656 aas
235 1596 309 1655 ante
331 1589 534 1672 Anonymum
557 1588 596 1653 de
620 1587 796 1669 comoedia,
817 1587 868 1652 vel
891 1593 964 1651 ante
978 1586 1171 1652 Antiochum
1185 1587 1452 1668 Alexandrinum,
1474 1593 1643 1673 utrumqne
1664 1589 1804 1653 incertae
1820 1589 1875 1653 sed
1891 1596 1999 1654 tamen

151 1694 344 1760 recentioris
366 1692 489 1773 aetatis,
512 1681 596 1776 apud
617 1691 823 1755 vetustiorem
844 1688 947 1754 ullum
970 1689 1154 1774 scriptorem
1177 1690 1231 1758 vix
1252 1692 1399 1775 reperies.
1434 1687 1670 1775 Theophrastus
1690 1693 1774 1755 enirn
1790 1694 1919 1778 scripsit
1932 1692 1999 1780 πιρί

152 1783 322 1884 κωμῳδίας
343 1793 447 1876 (Diog.
470 1791 633 1874 Laertv,
656 1792 686 1874 θ,
707 1791 772 1876 47.)
796 1797 828 1856 et
850 1791 958 1856 Crates
980 1791 1046 1879 περὶ
1067 1781 1227 1880 κωμῳδίας
1250 1792 1352 1875 (Diog.
1375 1792 1477 1858 baert.
1501 1793 1554 1871 IV,
1576 1793 1607 1874 4,
1629 1793 1700 1877 23.)
1729 1800 1761 1858 et
1785 1793 1998 1878 Lycophronis
2118 1845 2123 1854 .

154 1917 284 1982 qnoque
307 1895 387 1960 liber
410 1901 477 1959 erat
497 1896 564 1982 crept
585 1883 747 1982 κωμῳδίας
769 1893 899 1977 (Athen.
919 1894 986 1976 Vll,
1008 1893 1081 1958 278.
1105 1893 1135 1959 b.
1157 1893 1211 1975 Xl,
1234 1893 1307 1958 501.
1330 1893 1396 1977 d),
1423 1894 1640 1960 Eratosthenis
1662 1895 1813 1960 extabant
1834 1895 2000 1962 duodecim

153 2000 225 2088 περὶ
246 1986 407 2085 κωμῳδίας
428 1996 510 2062 libri.
556 1995 674 2076 Quodsi
697 1999 779 2060 inter
802 1998 1031 2081 quinquaginta
1052 2001 1199 2080 quattuor
1221 1996 1307 2061 illius
1329 1997 1498 2062 voluminis
1521 1997 1697 2080 fragmenta
1717 1997 1778 2062 duo
1799 2000 2000 2083 reperiuntur

154 2100 244 2187 apud
271 2099 421 2184 Harpocr.
449 2121 480 2184 p.
506 2100 576 2163 119.
600 2105 632 2163 at
657 2098 789 2182 Diogen.
811 2098 913 2163 baert.
936 2098 1009 2180 VH,
1031 2098 1061 2162 5.
1092 2101 1183 2182 qnasi
1212 2119 1251 2162 ex
1277 2098 1356 2164 libro
1383 2101 1449 2187 περὶ
1476 2099 1600 2188 ἀρχαίας
1626 2087 1787 2189 κωμῳδίας
1814 2099 1940 2181 relicta,
1965 2098 1999 2164 id

155 2202 226 2268 noli
254 2202 377 2282 mirari3
407 2199 466 2266 hoe
495 2202 578 2266 eninr
606 2201 725 2266 iactum
754 2221 823 2266 esse
851 2199 901 2264 vel
929 2221 1038 2273 errore,
1061 2199 1196 2284 quodam
1223 2204 1412 2286 scriptorum
1442 2200 1637 2266 credendum
1660 2211 1724 2284 est,
1745 2200 1797 2266 vel
1820 2205 1846 2266 si
1868 2202 1908 2267 ab
1930 2204 1999 2288 ipso

154 2305 365 2372 Eratosthene
397 2303 571 2388 prolectam
604 2323 674 2368 esse
708 2302 795 2368 illam
828 2301 1067 2394 inscriptionem
1096 2302 1244 2367 malueris
1277 2303 1439 2385 arbitrari,
1471 2303 1531 2368 hoc
1565 2303 1644 2368 nihil
1672 2310 1783 2369 contra
1808 2325 1865 2370 noe
1894 2305 1999 2388 saciet,

157 2429 259 2492 quum
281 2408 350 2472 eius
370 2413 474 2471 aetate
496 2425 641 2488 graecam
663 2405 856 2470 comoediam
878 2407 942 2470 iam
963 2407 1121 2470 interiisse
1145 2410 1277 2470 constet.
1322 2407 1406 2484 Quos
1434 2413 1560 2492 praeter
1589 2405 1827 2472 Eratosthenem
1853 2409 1998 2472 nomina-

156 2511 280 2592 vimus,
313 2529 367 2573 eos
393 2509 563 2594 praecipue
592 2508 631 2572 de
659 2509 789 2592 antiqua
817 2507 979 2572 comoedia
1007 2493 1107 2590 egisse‘
1141 2510 1297 2593 suspicor,
1331 2529 1426 2592 quum
1455 2527 1536 2572 nova
1563 2507 1659 2573 etiam
1681 2515 1749 2572 turn
1771 2508 1867 2573 nimis
1888 2529 1999 2574 recens

159 2619 247 2676 esset
276 2616 307 2676 et
335 2610 442 2676 media
469 2616 622 2695 tanquam
651 2609 809 2694 singulare
839 2630 937 2693 genus
967 2629 1030 2674 nnn
1060 2609 1188 2693 agnosci
1217 2631 1318 2694 neque
1346 2631 1365 2674 a
1392 2613 1505 2674 ceteris
1531 2610 1698 2693 generibus
1720 2611 1818 2696 probe
1848 2611 2000 2694 distingui

159 2718 278 2800 posset.
320 2713 398 2778 Eam
425 2715 526 2798 ipsam
554 2713 594 2778 ob
623 2733 768 2777 caussam
796 2711 1072 2777 Chamaeleontem
1100 2731 1223 2795 qunque
1250 2713 1316 2800 περὶ
1338 2701 1499 2800 κωμῳδίας
1524 2714 1706 2797 scripsisse,
1738 2718 1771 2776 et
1793 2713 1877 2799 apud
1898 2714 1998 2779 Athe-

161 2835 280 2880 naeum
300 2815 358 2898 IX,
380 2836 410 2900 p.
434 2815 507 2879 406.
531 2835 557 2880 ο.
582 2821 795 2880 enarratorem
824 2815 1086 2897 significationem
1113 2815 1311 2898 antiquitatis
1338 2834 1413 2879 vooe
1441 2816 1564 2902 ἀρχαῖος
1591 2813 1630 2878 ds
1658 2835 1715 2880 auo
1738 2813 1898 2880 addidisse
1922 2836 1997 2881 eon·

159 2918 238 3001 icio,
261 2939 359 3004 quum
381 2918 420 2983 de
442 2917 622 3001 Hegemone
644 2907 950 3000 loqueretur,'qnem
972 2916 1096 3005 ἀρχαίου
1117 2917 1229 3004 τρόπου
1251 2921 1374 3002 politam
1396 2919 1461 2980 iam
1482 2921 1598 2981 nosset.

315 3020 462 3085 Ceterum
489 3039 569 3103 quae
595 3019 675 3102 Aug.
703 3018 878 3084 Meinekius
907 3018 946 3105 ad
974 3019 1091 3083 librum
1117 3020 1184 3107 περί
1206 3007 1367 3106 κωμῳδίας
1393 3018 1550 3101 pertinere
1577 3017 1747 3083 arbitratur
1773 3017 1856 3104 apnd
1882 3019 1997 3086 Athen.

158 3121 241 3189 XIV.
264 3145 294 3210 p.
319 3121 391 3186 628.
407 3143 434 3188 ο.
458 3122 591 3207 (Hister.
615 3124 684 3186 orit.
706 3143 736 3206 p.
753 3120 795 3204 8.)
820 3141 858 3185 ea
878 3123 984 3206 potins
1005 3129 1212 3209 προτραππκῷ
1235 3119 1427 3204 assignanda
1441 3127 1531 3197 sunt;
1554 3139 1616 3202 qna
1631 3119 1669 3185 de
1686 3141 1719 3185 re
1734 3128 1845 3207 postea
1859 3143 1997 3206 agemus.
2035 3173 2038 3182 .

315 3223 525 3289 Chamaeleon
547 3226 581 3288 in
603 3224 653 3288 his
676 3243 800 3308 qnoque
823 3223 861 3288 de
885 3243 917 3287 re
939 3225 1066 3287 scenica
1088 3222 1177 3287 libris
1201 3222 1445 3288 narratiunculis
1468 3221 1631 3304 studebat,
1654 3221 1837 3308 salibusque
1861 3231 1893 3288 et
1907 3230 1999 3290 acute

160 3327 256 3393 dictis
278 3327 374 3392 nimis
396 3327 460 3390 iere
482 3327 624 3405 favebat3
651 3346 729 3390 nnm
756 3323 974 3411 philosophiae
996 3345 1071 3390 snae
1093 3330 1262 3411 praecepta
1283 3327 1491 3391 immiscuerit
1518 3323 1741 3408 doctrinaeque
1764 3328 1918 3391 rationem
1941 3326 1999 3391 ad-

158 3432 298 3511 miserit,
320 3431 465 3513 quamvie
488 3450 552 3494 non
574 3435 695 3515 pateat,
718 3429 916 3514 suspicamur
929 3433 1052 3508 tamen,
1075 3447 1174 3512 quum
1195 3447 1214 3490 a
1235 3427 1444 3510 magistriani
1463 3425 1754 3492 rationenonadeo
1770 3427 1910 3493 descisse
1926 3449 2000 3493 eum

160 3533 367 3614 arbitremur,
389 3537 425 3596 ut
446 3531 630 3616 discipliuae
653 3529 737 3595 unde
760 3530 930 3616 prodiisset
950 3529 1044 3615 plane
1067 3535 1151 3594 esset
1172 3528 1299 3595 oblitus.

316 3635 399 3712 Quae
423 3633 461 3698 ds
484 3633 646 3699 comoedia
667 3635 838 3718 scripserat
859 3652 915 3696 sex
937 3631 1027 3697 libris
1050 3631 1309 3710 continebantur;
1331 3631 1422 3697 libris
1437 3651 1510 3696 vero
1533 3630 1747 3714 singularibus
1763 3632 1830 3720 crept
1844 3629 1998 3720 Σααίρων,

160 3735 229 3824 περὶ
250 3723 415 3816 Θέσπιδος,
442 3737 508 3824 περὶ
528 3735 680 3824 Αίι-ρίιλυυ
703 3734 804 3818 egisse
827 3754 902 3798 enm
924 3736 1043 3799 conicio
1065 3741 1193 3820 propter
1213 3732 1372 3799 Athenaei
1398 3751 1493 3816 quem
1519 3733 1553 3797 in
1575 3731 1732 3798 laudando
1755 3732 1999 3800 Chamaeleonte

162 3837 302 3902 servavit
323 3857 459 3918 morem,
482 3857 580 3922 quum
602 3837 633 3902 ἐν
654 3845 707 3920 τῷ
728 3837 794 3926 περί
815 3839 844 3900 λ
870 3835 1032 3902 scriberet

316 3938 363 4003 De
378 3941 492 4022 satyris
509 3947 541 4004 et
556 3940 594 4004 de
606 3937 765 4025 'lhespide
780 3959 873 4003 nemo
890 3938 974 4022 quod
990 3941 1126 4003 sciamus
1141 3939 1268 4024 scripsit
1283 3944 1406 4022 praeter
1418 3936 1706 4014 Chamaeleontem
1723 3935 1779 4002 sed
1791 3937 1830 4003 de
1841 3937 1998 4021 Aeschylo

143 4039 347 4107 ·Heraclides
376 4062 502 4125 quoque
530 4043 679 4107 Ponticus
709 4043 742 4105 in
771 4040 851 4105 libro
880 4041 946 4127 περὶ
974 4050 1037 4104 τῶν
1064 4048 1154 4128 τριῶν
1182 4027 1427 4129 τραγῳδοποιῶν.
1472 4039 1612 4104 Fuerunt
1633 4045 1740 4104 tamen
1762 4039 1815 4104 alii
1838 4039 1999 4126 amplioris

161 4142 342 4226 argumenti
363 4142 452 4224 libri,
474 4145 507 4207 in
530 4144 646 4228 quibus
668 4150 725 4208 aut
746 4141 856 4208 eadem
879 4148 935 4206 aut
957 4149 1042 4206 certe
1064 4142 1180 4207 similia
1201 4145 1374 4225 attigerunt
1397 4143 1575 4226 scriptores.

890 4379 942 4446 IX.
985 4380 1037 4444 De
1067 4380 1274 4445 comoedia.

317 4551 431 4616 Athen.
455 4549 506 4616 IX.
530 4573 559 4636 p.
583 4552 655 4618 373.
679 4553 700 4616 1.
744 4549 830 4615 Ἐπεὶ
852 4540 886 4614 δὲ
907 4559 962 4614 τοῦ
984 4559 1120 4640 κωμικοῦ
1140 4549 1251 4614 τούτου
1274 4549 1346 4634 (τοῦ
1368 4538 1613 4638 Ἀναξανδρίδου)
1637 4547 1785 4640 ἐμνήσθην
1807 4555 1858 4614 καί
1879 4540 1949 4616 οἶδα
1962 4552 1999 4616 cd
2092 4611 2101 4628 ,

164 4643 267 4743 δρᾶμα
287 4652 340 4716 τὸν
362 4651 465 4742 Τηρέα
486 4655 579 4717 αὑτοῦ
603 4654 645 4742 μη
667 4652 840 4742 κεκριμένον
862 4653 893 4718 ἐν
915 4663 976 4727 τοῖς
996 4655 1124 4741 πρώτοις
1146 4649 1311 4740 ἐκθήσομαι
1333 4657 1416 4741 ὑμῖν,
1439 4640 1543 4740 ἄνδρες
1564 4652 1659 4740 ρίλοι,
1682 4657 1723 4727 εἰς
1745 4654 1837 4742 κρίσιν
1860 4657 1880 4715 ἃ
1902 4657 2000 4742 alpinas

162 4757 230 4844 περὶ
252 4759 345 4819 αὐτοῦ
367 4753 551 4845 Χαμαιλέων
573 4759 590 4819 ὁ
612 4752 824 4844 Ἡρακλεώτης
846 4757 877 4818 ἐν
899 4753 979 4838 ἕκτῳ
1000 4756 1068 4843 περί
1089 4743 1254 4843 κωμῳδίας
1273 4751 1396 4845 γράφων
1418 4742 1492 4818 ὧδε·
1517 4743 1745 4844 Ἀναξανδρίδης
1762 4743 1912 4818 διδάσκων
1925 4754 2000 4819 ποτὲ

165 4846 347 4947 διθύραμβον
374 4853 529 4930 Ἀθήνησιν
555 4855 690 4930 εἰσῆλθον
718 4855 762 4946 tp'
788 4859 880 4922 ἵππου
907 4859 959 4920 καὶ
987 4855 1154 4947 empserat
1177 4879 1207 4919 τι
1229 4865 1290 4919 τῶν
1313 4858 1348 4920 ἐκ
1368 4865 1423 4920 τοῦ
1446 4861 1594 4944 ᾄσματος·
1627 4849 1664 4926 ἦν
1686 4845 1720 4920 δὲ
1742 4857 1798 4926 την
1820 4851 1886 4943 ὄψιν
1908 4856 2000 4931 καλὰς

165 4960 216 5022 καὶ
238 4959 332 5050 μέγας
354 4961 405 5022 καὶ
432 4960 529 5049 κόμην
556 4965 660 5049 ἔτρεφε
688 4961 739 5024 καί
767 4959 864 5049 ἐφόρει
893 4949 1059 5049 ἁλουργίδα
1080 4960 1132 5022 καί
1153 4947 1309 5046 κράσπεδα
1330 4968 1437 5047 χρυσᾶ·
1469 4957 1571 5046 πικρὰς
1593 4947 1619 5021 δ’
1641 4955 1682 5022 ὧν
1703 4958 1739 5022 cd
1762 4953 1833 5034 ἦθος
1854 4959 1949 5022 ἐποίει
1970 4981 2000 5022 τι

164 5069 303 5124 τοιοῦτον
324 5062 389 5150 περὶ
411 5061 465 5136 τοὶς
486 5051 658 5152 κωμῳδίας
681 5061 812 5151 ὅτιγὰρ
835 5062 876 5150 μη
899 5061 1007 5144 νικῴη,
1035 5059 1198 5150 λαμβάνων
1226 5049 1338 5124 ἔδωκεν
1363 5065 1404 5135 είς
1424 5060 1478 5124 cdv
1500 5060 1666 5144 λιβανωτὸν
1688 5071 1869 5149 κατατεμεῖν
1891 5062 1942 5124 καὶ
1965 5064 2000 5124 οὐ

167 5155 384 5252 μετεσκεύαζεν
406 5164 505 5254 ὥσπερ
527 5169 555 5228 cl
576 5165 699 5230 πολλοί·
722 5165 774 5227 καὶ
794 5164 896 5227 πολλοὶ
919 5169 1028 5252 ἔχοντα
1049 5159 1172 5252 κομψῶς
1194 5171 1256 5226 τῶν
1278 5151 1440 5252 δραμάτων
1461 5153 1600 5252 ἠφάνιζε,
1624 5150 1828 5228 δυσκολαίνων
1847 5173 1910 5238 τοῖς
1930 5159 2000 5226 θαα-

1757 5281 1796 5333 4.
