4866 6178
970 376 1180 440 ..11-

158 571 344 649 argumenta
370 563 492 648 alicuid
517 563 560 631 ad
584 563 762 628 litteram
789 562 953 628 historiam
980 560 1181 628 condendam
1206 563 1360 628 iuuerunt.
1408 560 1496 638 Quod
1524 579 1714 644 quamquam
1739 561 1804 646 ipsi
1829 559 1996 628 docuimus

157 669 196 734 iu
214 668 415 753 questione:
432 664 513 750 *qaid
535 676 570 730 ct
589 687 653 750 qua
673 671 730 730 rat
746 687 781 751 p.
794 686 819 730 e
836 665 856 728 5
871 684 932 748 aq,
952 683 1051 747 onum
1070 661 1183 744 libros,
1206 665 1321 747 quibus
1343 663 1396 728 hic
1418 669 1506 728 esset
1524 662 1652 743 titulus,
1674 662 1713 728 de
1739 665 1831 728 rictu
1849 662 1995 730 vivendis

160 791 222 854 que
255 771 377 834 milone
406 787 498 852 agme
527 767 721 849 diceremus,
753 765 921 832 iliillsrum
946 773 1056 832 tamen
1080 765 1118 830 in
1142 765 1226 830 Hiat.
1248 765 1357 831 Graec.
1380 765 1492 848 fragm.
1513 765 1558 847 ll,
1580 786 1610 850 p.
1628 765 1694 830 243.
1718 785 1791 830 cum
1817 767 1996 832 umoribus

160 873 267 956 aliqua
286 869 456 956 scripsisse
466 870 499 934 tc
511 869 622 958 erpeium
645 869 717 952 βίων
730 870 898 950 miramur,
920 869 1126 952 nequeenim
1147 867 1204 950 βίοι
1218 867 1404 932 Dicaearchi
1424 867 1505 933 liber
1526 887 1665 950 usquam
1684 868 1862 952 inscriptus
1880 866 1994 948 bgitar

161 981 196 1040 at
219 973 304 1058 guod
322 971 488 1038 Platonem
507 971 650 1036 narmrit
674 972 709 1036 in
734 969 855 1036 lathme
877 975 1031 1051 cartesae,
1057 969 1089 1034 id
1117 968 1187 1034 ideo
1214 970 1290 1034 iecit
1309 969 1503 1049 Messenius,
1529 975 1565 1033 ιιι
1593 969 1790 1052 frequeniem
1818 968 1994 1054 palaestrae

160 1097 253 1142 amru
271 1077 322 1156 iis,
344 1077 402 1159 qui
423 1073 506 1138 bene
517 1075 804 1158 rivereeupecuul,
816 1072 991 1157 philosophi
1005 1071 1149 1156 exeruplo
1166 1071 1410 1136 commendaret
1446 1071 1544 1154 ldagis
1559 1071 1655 1136 etiam
1669 1073 1837 1153 miramur,
1856 1071 1996 1138 eandam

160 1177 329 1244 ldillmum
349 1176 443 1262 phac
464 1195 584 1240 aeuum
600 1173 788 1259 Dicaearchi
808 1174 927 1240 libnnn
948 1173 1138 1254 condidisse,
1160 1173 1214 1257 qui
1237 1174 1295 1255 βίοι
1317 1173 1487 1260 priocdpcs
1508 1175 1683 1258 inscriptus
1698 1173 1851 1254 Plaienis,
1871 1179 1997 1258 sepiens

161 1282 355 1366 npiaatium
373 1281 531 1356 rhenum,
551 1263 759 1360 Pythagorie,
780 1276 1012 1361 Xenophontis,
1035 1276 1164 1342 Homeri
1182 1277 1263 1340 vitas
1286 1276 1503 1340 continuisset.
1534 1275 1566 1339 ls
1580 1275 1685 1340 nullus
1699 1295 1841 1358 uuqrmm
1862 1277 1994 1342 exstitit.

161 1383 246 1462 ern
274 1383 363 1448 nim
387 1378 541 1463 reliquias
564 1379 625 1444 sub
648 1381 723 1444 licta
742 1377 796 1444 illo
818 1377 910 1444 thule
933 1380 1094 1460 congessit
1112 1377 1283 1460 Miillenrs,
1308 1399 1361 1442 eae
1384 1381 1452 1442 eine
1479 1377 1543 1442 ulla
1562 1378 1637 1443 libri
1659 1379 1888 1461 significatius
1909 1377 1996 1462 epod

159 1491 286 1550 vetem
305 1483 474 1567 scriptores
495 1481 635 1562 invenit,
653 1501 742 1546 mero
754 1479 940 1546 Dicaearchi
961 1482 1089 1546 mmina
1111 1485 1148 1544 ut
1167 1482 1306 1546 auctoris
1326 1479 1484 1564 adscripto
1504 1479 1558 1544 rel
1571 1499 1646 1544 voce
1662 1479 1748 1568 pecie
1762 1478 1882 1546 addita
1912 1480 1996 1546 Aliis

159 1589 260 1670 igilur
278 1585 385 1665 libris,
407 1603 487 1668 quos
506 1602 582 1647 uere
603 1583 745 1648 exuisse
767 1589 987 1648 veterescunt
1008 1589 1122 1664 testes,
1144 1581 1353 1665 assignandae
1376 1589 1456 1648 sunt
1472 1581 1548 1648 illae
1560 1580 1727 1664 reliquias;
1749 1589 1782 1646 et
1801 1584 1829 1648 si
1852 1585 1923 1666 quis
1938 1603 1996 1648 eas

160 1689 201 1754 ad
222 1688 311 1753 illum
335 1685 467 1766 librum,
490 1685 560 1768 qui,
582 1684 777 1750 avetcribns
792 1685 1047 1769 frequentissime
1068 1684 1188 1766 lectus,
1210 1681 1278 1760 Βίος
1300 1673 1448 1758 Ἑλλάδος
1469 1683 1641 1769 inscriptus
1656 1690 1738 1766 erat,
1760 1683 1876 1750 referre
1898 1683 1993 1766 relat,

159 1791 196 1856 id
214 1788 306 1856 ficiis
328 1789 439 1872 patiar.
482 1787 627 1852 Fortuna
648 1807 713 1852 lon
735 1787 826 1852 iiiior
847 1786 1052 1852 statuendum
1073 1789 1137 1852 erit
1155 1787 1198 1850 ele
1216 1786 1296 1852 llhro
1319 1783 1471 1861 ὑποθέσεις
1484 1795 1547 1850 τῶν
1561 1783 1752 1874 Σοφοκλέους
1765 1787 1818 1852 ael
1830 1776 2006 1876 Εὐριπίδου·

161 1889 276 1980 ptime,
302 1889 341 1956 de
368 1910 432 1974 quo
453 1889 570 1954 Sextus
589 1889 767 1974 Empiricos
789 1887 858 1956 adv.
882 1889 981 1955 lieth
993 1889 1057 1970 lll,
1077 1910 1107 1975 p.
1126 1888 1176 1954 84.
1200 1889 1357 1972 cogitasse
1381 1888 1507 1955 videtur
1526 1887 1674 1966 Miller03
1703 1909 1782 1972 quae
1807 1890 1893 1954 enim
1918 1888 1995 1954 huic

69 2067 76 2074 ,
160 1991 253 2058 titulo
276 1993 445 2078 suppamnt
463 1991 678 2075 reliquiasrir
701 1991 827 2072 doctus,
848 2012 904 2056 eas
925 1991 967 2058 ad
980 1991 1165 2058 Dicaearchi
1187 1990 1305 2056 librum
1318 1993 1384 2080 rapi
1399 1989 1604 2056 Διονυσιακῶν
1617 1989 1758 2082 ἀγώνων,
1780 1991 1834 2074 qui
1849 1998 1994 2056 velerum

160 2095 351 2160 testimoniis
370 2093 488 2160 melius
508 2095 650 2160 hrmutm
679 2101 745 2176 est,
770 2095 886 2160 iustius
915 2093 1098 2160 reiciendas
1118 2114 1188 2159 ease
1210 2093 1358 2178 eqrridem
1379 2112 1508 2171 censam
1536 2113 1632 2176 quam
1653 2094 1738 2158 euim
1760 2095 1991 2178 interpretatio·

158 2217 236 2262 nem
254 2195 405 2262 lliillerns
426 2195 557 2262 adhibet
578 2195 729 2262 Sextiam
750 2195 800 2262 illi
818 2195 902 2278 loco,
928 2218 966 2262 aa
987 2199 1084 2262 nimis
1106 2199 1250 2280 quaesita
1271 2203 1321 2260 eut
1341 2201 1375 2260 et
1395 2195 1601 2280 simplicitate
1620 2199 1715 2260 caret.
1758 2195 1888 2279 ltaque,
1907 2197 1992 2280 quod

158 2302 225 2366 im
242 2319 343 2384 supra
353 2298 621 2381 m'gniicavimua,
639 2319 724 2364 unua
737 2297 791 2364 ille
805 2298 888 2364 liber
900 2301 969 2384 erupi
983 2295 1121 2363 ὶιλιιιιιοο4
1132 2299 1331 2364 indubitatus
1346 2303 1462 2379 restat,
1482 2297 1637 2364 Athenaei
1651 2299 1831 2363 lucumonis
1845 2300 1926 2364 satia
1936 2299 1995 2364 fir*

159 2408 275 2468 meos
317 2399 506 2466 Dicaearchi
525 2400 695 2483 retinuere,
725 2421 820 2485 guam
845 2403 878 2466 ia
903 2401 936 2467 in
964 2401 1149 2466 marrantiis
1176 2405 1340 2486 peritorum
1368 2400 1447 2466 locis
1468 2405 1599 2466 secutus
1625 2405 1691 2480 est,
1718 2399 1993 2468 Chamaeleontem

79 2497 83 2504 ⁴
160 2503 342 2590 empleuron
370 2523 442 2568 ease
469 2509 581 2588 pecua
607 2502 795 2569 ridebimus
838 2503 973 2569 Uberior
999 2511 1051 2570 eat
1074 2503 1287 2570 Dicaearchus
1314 2505 1349 2568 in
1374 2503 1470 2568 rebus
1498 2499 1714 2588 explicandis,
1739 2522 1817 2586 quus
1845 2507 1939 2588 pnite
1958 2505 1994 2570 in

161 2605 355 2672 carminibus
376 2607 447 2670 onie
464 2604 587 2688 attigit,
613 2604 768 2691 copiosiur
788 2607 824 2670 in
844 2608 1023 2671 nmrauone
1053 2606 1096 2672 da
1115 2605 1233 2672 cottabi
1257 2604 1325 2670 ludi
1347 2611 1379 2669 et
1400 2607 1434 2670 in
1453 2625 1563 2670 eornm
1589 2607 1752 2672 neminum
1773 2605 1997 2691 expicationa,
2105 2673 2109 2680 ,

161 2707 282 2792 quibua
300 2705 501 2772 colludentes
520 2706 734 2786 utunturrde
751 2707 877 2794 poculis
894 2707 1073 2773 inridenter
1094 2709 1225 2792 agebm,
1244 2727 1380 2792 quorum
1392 2706 1530 2784 Alcmeo
1551 2709 1746 2774 mentionem
1764 2708 1869 2772 lacere
1890 2711 1993 2792 potuit

160 2830 223 2876 uec
249 2831 271 2875 a
294 2829 430 2874 censura
453 2808 582 2874 videtur
613 2809 805 2874 abstinuisse
832 2810 1025 2890 lectionum,
1050 2831 1131 2895 quaa
1151 2811 1188 2876 in
1210 2812 1310 2875 variis
1330 2809 1440 2875 Alcaei
1471 2809 1625 2896 ammplis
1653 2809 1903 2875 venditarentur.
1944 2809 1992 2876 De

159 2931 287 2978 mimum
303 2910 489 2994 muscae,
510 2917 664 2995 uomitum
685 2912 850 2994 ridemus,
871 2933 936 2978 non
958 2916 1084 2997 quucrh
1102 2914 1344 2998 Peripateticus

312 3012 447 3098 Scripsit
474 3015 541 3102 rupi
567 3013 843 3085 comesturum
870 3035 910 3080 ex
931 3015 1110 3081 Armmtelis
1138 3015 1308 3101 disciplina
1333 3015 1495 3100 proiectus
1513 3015 1683 3080 Phanias
1706 3035 1829 3098 quoque
1855 3013 1995 3096 Erosium,

160 3119 251 3184 caius
276 3115 415 3182 alterum
437 3115 589 3182 ealumen
613 3115 655 3181 ab
675 3117 839 3184 Athenaeo
859 3117 1022 3183 laudatum
1044 3122 1094 3184 est
1114 3118 1199 3184 VlII.
1218 3137 1289 3204 pag.
1311 3117 1383 3183 352.
1406 3139 1434 3182 e.
1487 3117 1517 3182 l
1544 3116 1760 3202 superioribus
1786 3116 1839 3182 ille
1867 3137 1933 3182 una
1958 3117 1995 3184 in

158 3239 193 3286 re
209 3221 379 3284 recessisse
396 3218 535 3299 videtur,
556 3238 654 3302 quum
676 3219 716 3284 de
738 3223 838 3304 poitis
860 3219 939 3286 adeo
960 3226 1086 3285 tanturn
1108 3226 1231 3305 agerat,
1252 3226 1289 3285 ut
1310 3237 1391 3303 quae
1410 3240 1463 3284 reu
1481 3239 1580 3306 nouae,
1597 3220 1624 3294 ii
1640 3220 1834 3306 reperissent
1862 3219 1992 3304 quibas-

160 3342 224 3406 (μοι
250 3322 390 3388 inuentis
419 3321 460 3386 ab
490 3319 579 3402 aliis,
603 3322 658 3406 gui
687 3323 821 3388 mndem
848 3323 983 3408 proiessi
1011 3327 1119 3388 essent
1146 3329 1264 3405 artem,
1297 3321 1531 3408 discreparent,
1561 3321 1710 3404 legentes
1731 3321 1865 3388 doceret.
1925 3324 1995 3399 Qua

159 3423 291 3507 quidem
309 3424 343 3489 iu
366 3443 399 3488 re
421 3423 528 3488 mirus
549 3424 630 3490 uber
652 3430 684 3488 et
705 3427 851 3510 copiosus
874 3423 1090 3509 superioribus
1112 3425 1189 3506 tait,
1217 3425 1301 3509 quod
1323 3445 1364 3490 en
1384 3423 1528 3508 reliquiis
1549 3425 1692 3490 conicere
1713 3421 1829 3502 licente
1855 3423 1993 3490 breuiter

159 3545 212 3590 rea
224 3525 393 3609 tangebat,
413 3546 495 3610 quas
514 3529 680 3611 peitarum
693 3527 769 3592 vitia
781 3529 972 3614 inserebatg,
980 3530 1131 3613 temporis
1151 3531 1305 3593 rationem
1327 3527 1471 3610 religiose
1492 3526 1631 3592 babebat
1651 3525 1759 3610 (Clam.
1775 3525 1868 3592 Alex.
1890 3527 1920 3608 i,
1940 3525 1992 3592 21.

160 3648 191 3711 p.
215 3627 307 3710 itti
345 3628 394 3694 De
414 3626 586 3694 Socraticis
606 3647 735 3713 qrmque
752 3629 889 3695 Phanias
907 3615 1104 3714 singularem
1126 3630 1242 3718 librum
1264 3630 1457 3715 composuit,
1489 3629 1583 3694 cuius
1606 3634 1827 3710 argumentum
1853 3627 1892 3694 de
1917 3649 1994 3692 nar-

161 3728 347 3794 ratiunculis
368 3729 563 3816 desumpait,
583 3751 664 3815 quas
686 3731 722 3796 in
742 3753 795 3796 ers
816 3732 906 3816 vulgi
925 3733 1245 3814 circumferebantur,
1268 3739 1300 3797 et
1321 3753 1361 3797 ex
1382 3751 1491 3796 eorum
1513 3732 1652 3796 inventis
1673 3750 1712 3796 ao
1732 3731 1926 3816 praeceptis,
1952 3729 1991 3796 da
2135 3765 2148 3794 ι

161 3829 280 3914 anilem
300 3833 456 3898 mosim
474 3851 570 3917 quum
592 3833 764 3900 studiosius
787 3854 861 3900 aum
883 3838 984 3918 agiam
1007 3833 1157 3900 credibile
1181 3840 1246 3917 ost,
1267 3834 1424 3919 quasdam
1445 3833 1614 3918 descripsit
1635 3840 1667 3898 et
1690 3833 1849 3898 delibavit

314 3933 493 4000 clearchi
517 3955 640 4020 quaque
668 3935 809 4002 sueres
837 3957 1024 4021 cognoscere
1053 3939 1208 4004 rationem
1235 3936 1276 4002 ad
1304 3942 1445 4002 notham
1472 3938 1690 4019 quaestionem
1715 3937 1862 4021 pertinet.
1913 3933 1996 3999 Oete

160 4037 230 4102 dns
250 4035 348 4102 libres
367 4037 434 4124 περὶ
456 4037 530 4120 βίον
549 4037 590 4104 ad
610 4038 735 4105 litteras
755 4059 822 4104 non
843 4045 987 4124 spectare
1013 4041 1075 4125 ipsi
1097 4041 1161 4104 iarn
1185 4043 1279 4125 prius
1297 4038 1471 4106 docuimus.
1517 4037 1611 4124 (Quid
1626 4045 1658 4102 ot
1672 4058 1703 4122 q.
1718 4059 1746 4103 c.
1760 4059 1791 4124 p.
1805 4036 1845 4120 l.)
1881 4035 1993 4102 Falsus

158 4140 257 4222 &tut
277 4145 326 4204 est
346 4137 515 4221 llillsrus,
536 4143 591 4224 qui
611 4141 780 4227 inscriptos
802 4161 858 4208 eos
877 4142 978 4208 luisse
995 4139 1084 4218 Βίους
1105 4143 1255 4220 affirmat3
1277 4141 1392 4208 mollem
1405 4140 1545 4206 ¹edoctus
1566 4147 1650 4223 erat,
1672 4143 1701 4206 si
1722 4147 1777 4206 aut
1791 4140 1994 4206 Athenaeum

157 4240 227 4308 ΧΗ.
249 4261 280 4326 p.
302 4241 377 4306 ili.
397 4261 425 4306 a.
448 4241 512 4308 XV.
535 4263 565 4326 p.
589 4241 660 4309 68⁷.
684 4265 713 4310 a
736 4249 772 4308 et
789 4245 965 4310 Zenoffinm
985 4247 1020 4310 in
1041 4265 1128 4331 prov.
1151 4245 1284 4328 111,41.
1307 4249 1437 4310 secutus
1458 4248 1544 4308 esset
1563 4249 1621 4308 aut
1640 4241 1791 4327 reliquias
1813 4243 1991 4307 accuratius

160 4348 193 4408 et
214 4343 446 4410 consideratius
465 4345 551 4408 inter
572 4365 605 4409 ea
628 4345 829 4423 contulisset;
849 4347 916 4436 περὶ
938 4349 1010 4430 βίων
1032 4349 1118 4412 enim
1139 4346 1336 4412 inscribendi
1356 4350 1433 4410 sunt
1452 4343 1541 4427 libri,
1563 4345 1618 4430 qui
1641 4345 1680 4410 de
1700 4345 1787 4410 victu
1800 4343 1993 4428 urendique

159 4447 281 4514 ratione
304 4467 379 4512 eum
400 4445 619 4512 universorum
639 4447 826 4533 populorum
847 4455 917 4514 tum
938 4449 1134 4534 singulorum
1155 4449 1319 4514 bominum
1340 4454 1448 4532 agunt
1491 4447 1588 4514 Plane
1617 4467 1716 4512 ocsus
1738 4453 1843 4512 autem
1865 4445 1993 4512 videtur

160 4548 330 4616 Clearchus
352 4549 386 4612 in
407 4547 488 4615 libro
510 4547 551 4614 de
572 4552 774 4634 aenigmatis,
796 4570 894 4635 quae,
922 4554 1069 4635 quoniam
1094 4551 1200 4636 qualii
1222 4558 1330 4617 essent
1349 4548 1448 4636 probe
1471 4551 1643 4634 quaesivit,
1669 4570 1725 4636 pro
1748 4570 1857 4615 eorum
1878 4557 1993 4614 natura

155 4657 193 4716 'et
214 4651 341 4734 ingenio
362 4652 396 4716 in
417 4671 534 4735 genera
556 4650 665 4716 divisit
686 4660 719 4717 et
739 4656 913 4737 generatim
934 4643 1126 4740 percensuit.
1166 4655 1235 4732 Qua
1256 4653 1386 4738 quidem
1407 4674 1441 4718 re
1457 4653 1593 4719 Graecos
1616 4652 1706 4718 valde
1722 4651 1915 4734 delectabat,
1936 4653 1991 4734 qui

158 4753 225 4820 iarn
245 4774 284 4818 ex
305 4753 526 4820 remotissimis
547 4754 742 4840 temporibus
765 4756 933 4822 obscurum
956 4763 988 4821 et
1010 4760 1187 4842 captiosum
1201 4755 1330 4822 dicendi
1343 4775 1460 4840 genus,
1482 4754 1566 4838 quod
1581 4757 1702 4821 animos
1717 4761 1854 4820 amentes
1868 4757 1995 4818 teneret

160 4863 361 4941 mentemque
382 4865 537 4942 perpetua
558 4859 745 4940 cogitatione
766 4865 950 4945 oocuparet,
976 4859 1055 4924 adeo
1076 4859 1283 4941 adamabant,
1304 4866 1341 4925 ut
1361 4858 1412 4923 vel
1433 4857 1517 4940 Diis,
1540 4877 1673 4942 quornm
1695 4857 1821 4924 oracula
1841 4855 1926 4922 bend
1946 4857 1993 4920 ila

160 4957 253 5024 iacile
274 4957 566 5024 dissolvenda-esse
589 4959 751 5042 volabant,
780 4960 911 5046 dignum
936 4961 970 5028 id
992 4962 1155 5028 haberent.
1198 4961 1244 5026 lia
1264 4963 1360 5044 igitur
1381 4960 1541 5046 voluptas,
1563 4981 1659 5045 quam
1680 4980 1720 5025 ex
1734 4961 1852 5046 ingenii
1866 4957 1991 5024 lusibus

162 5060 331 5143 capiebant
350 5068 488 5144 veteres,
514 5065 579 5128 iam
606 5069 736 5128 centum
757 5063 823 5128 lere
844 5067 937 5130 annis
958 5071 1034 5128 aute
1054 5063 1242 5130 Clearcbum
1270 5083 1369 5148 quum
1392 5062 1577 5130 clmbmum
1598 5063 1788 5145 adduxerat,
1814 5067 1850 5126 ιιι
1870 5063 1991 5150 γρίφους

163 5161 367 5246 moueret,
388 5167 521 5248 quihus,
548 5167 691 5250 quamvis
712 5164 843 5250 genuini
857 5187 936 5234 num
956 5167 1074 5232 foedat
1094 5168 1163 5232 iure
1184 5165 1367 5232 dubitarent
1386 5171 1509 5232 retem
1531 5165 1636 5250 (Diog.
1652 5165 1686 5232 la
1703 5167 1734 5248 l,
1748 5165 1780 5248 6,
1795 5160 1852 5248 2.),
1872 5163 1991 5249 posteri

1748 5281 1786 5336 2.
