4866 6178
1298 391 1510 457 „34-

488 583 575 650 idem
596 582 711 648 Athen.
735 579 827 646 docet
847 579 891 662 X,
912 601 943 666 p.
965 579 1028 644 498
1050 581 1071 646 l.
1115 577 1242 669 Πρῶτος
1263 579 1321 670 γάρ
1345 585 1455 655 ἐκεῖνος
1477 580 1509 663 (ὁ
1530 579 1692 668 Αἰσχύλος)
1714 581 1766 643 καὶ
1788 582 1858 669 οὐχ,
1880 583 1921 654 ώς
1943 580 2012 643 ἔνιοί
2035 602 2135 668 φασιν,
2159 569 2319 669 Εὐριπίδης

488 685 647 776 παρήγαγε
672 682 728 754 τήν
754 691 816 746 τῶν
839 679 1009 770 μεθυόντων
1032 677 1097 768 ὄψιν
1119 687 1159 758 είς
1180 669 1363 773 τραγῳδίαν·
1391 683 1422 746 ὲν
1443 681 1501 773 γάρ
1522 693 1585 757 τοῖς
1606 681 1763 770 Καβείροις
1789 680 1902 772 εἰσάγει
1925 682 1996 756 τοὺς
2017 683 2083 771 περὶ
2103 682 2157 745 τόν
2180 679 2320 746 Ἰάσωονα
2415 701 2416 766 j

489 785 666 879 μεθύοντας·
689 789 709 848 ἃ
731 772 758 847 δ’
780 784 871 858 αιἰτθς
893 787 909 846 t
930 774 1167 875 τραγῳδιοποιὸς
1189 785 1280 849 ἐποίει
1301 792 1401 848 ταῦτα
1421 795 1484 858 τοῖς
1504 783 1597 872 ἥρωσι
1618 781 1788 871 περιέθηκε·
1810 780 1928 872 μεθύων
1949 793 2022 874 γοῦν
2045 778 2156 875 ἔγραψε
2178 783 2236 858 τάς
2252 807 2320 873 τρα-
2415 823 2416 844 ι

488 877 614 979 γῳδίας·
642 877 688 952 διδ
715 887 766 950 καὶ
787 884 946 976 Σοφοκλῆς
973 889 1056 970 αὐτῷ
1084 886 1272 976 μεμφόμενος
1293 889 1395 975 ίλεγεν
1421 885 1468 950 ὅτι
1489 874 1536 948 Ὦ
1557 885 1700 975 Αἰσχύλε,
1729 891 1754 950 εἰ
1776 885 1888 949 καὶτὰ
1910 873 2020 950 δέοντα
2040 896 2147 966 ποιεῖς,
2177 885 2319 950 ἀλλὀὐκ

488 981 574 1066 εἰδώς
595 1013 631 1080 γε
657 999 762 1064 ποιεῖς·
792 994 832 1086 ὡς
859 993 970 1076 ἱστορεῖ
994 985 1178 1079 Χαμαιλέων
1206 989 1309 1070 ἐντῷ
1336 990 1402 1077 περὶ
1423 986 1580 1078 Αἰσχύλου.
1623 987 1764 1054 Eandem
1791 987 1954 1074 Sophoclis
1984 1009 2094 1054 vocem
2123 989 2264 1054 afferunt
2291 995 2320 1054 et

488 1092 575 1158 Stob.
597 1093 630 1156 in
654 1091 753 1157 Serm.
776 1090 871 1156 XVII.
896 1097 928 1154 et
948 1089 1090 1156 Euslath.
1113 1113 1143 1176 p.
1169 1089 1260 1154 1598.
1283 1089 1334 1154 58.
1362 1089 1509 1179 Αἰσχύλος
1535 1083 1587 1154 ούν
1614 1092 1645 1156 tu
1671 1099 1716 1172 τῷ
1739 1087 1857 1179 μεθύειν
1877 1089 2000 1181 γράφων
2023 1091 2181 1166 ίπαινετοὶς
2202 1114 2319 1181 τραγῳ-

489 1184 553 1270 δίας
574 1193 684 1266 ἤκουσε
705 1193 787 1282 παρά
808 1191 997 1282 Σοφοκλέους
1017 1192 1054 1256 τὰ
1077 1187 1102 1256 ὦ
1124 1192 1268 1282 Αἰσχύλε,
1291 1197 1316 1256 εἰ
1339 1194 1389 1256 καὶ
1410 1192 1452 1255 τά
1474 1182 1583 1256 δίοντα
1604 1203 1711 1273 ποιεῖς,
1734 1193 1814 1282 ὅμως
1835 1195 1890 1256 ούκ
1913 1180 2000 1267 εἰδώς
2021 1215 2058 1282 γε
2078 1203 2182 1267 ποιεῖς.

638 1295 762 1361 Erravit
782 1294 966 1360 Weloherus
986 1300 1021 1361 in
1043 1294 1118 1360 Tril.
1141 1317 1172 1380 p.
1188 1294 1266 1376 594,
1288 1316 1387 1380 quum
1409 1315 1448 1359 ea
1468 1295 1565 1360 verba
1590 1297 1623 1360 in
1647 1295 1773 1360 exordio
1792 1295 1865 1360 libri
1887 1295 1999 1376 luisse,
2028 1315 2122 1378 quam
2144 1294 2317 1380 Sophoclea

489 1400 527 1466 de
550 1399 644 1464 choro
667 1397 857 1483 scripsisset,
879 1397 1012 1479 diceret,
1034 1418 1109 1462 nam
1131 1397 1184 1462 ille
1206 1397 1286 1462 liber
1307 1419 1410 1481 neque
1433 1399 1538 1462 extitit
1559 1417 1714 1482 unquam
1737 1403 1769 1460 at
1790 1399 1845 1481 qui
1862 1395 2026 1482 Sophoclis
2049 1397 2145 1462 verba
2167 1397 2317 1462 exhibent

488 1503 672 1589 scriptores,
695 1521 733 1564 ea
754 1499 952 1564 allocutionis
974 1505 1236 1565 tormentantur.
1280 1499 1379 1583 Magis
1402 1498 1529 1564 credam
1550 1499 1659 1564 Ionem
1674 1497 1786 1564 Chium
1808 1504 1968 1564 auctorem
1989 1499 2104 1582 fuisse,
2127 1519 2225 1583 quem
2240 1499 2317 1565 Cha·
2415 1575 2416 1578 ς

486 1604 630 1670 maelcon
652 1609 737 1667 esset
758 1609 906 1682 secutus,
927 1623 1002 1667 nam
1022 1601 1161 1688 prolecto
1184 1601 1302 1666 multae
1325 1608 1357 1666 et
1379 1601 1417 1666 dc
1433 1601 1582 1685 Aeschyli
1605 1609 1637 1666 et
1659 1600 1698 1666 da
1713 1600 1877 1686 Sophoclis
1898 1603 1964 1665 vita
1981 1601 2239 1666 narratiunculae
2255 1605 2317 1666 eius

487 1711 522 1772 in
544 1693 731 1793 Ἐπιδημίαις
752 1699 893 1786 inerant,
921 1724 1000 1787 quas
1029 1723 1126 1786 quum
1154 1706 1236 1767 inter
1258 1703 1440 1789 peregrinos
1462 1712 1722 1784 commoraretur,
1752 1705 1955 1786 consignasse
1976 1703 2111 1770 uidetur.
2157 1703 2223 1769 Sed
2246 1705 2318 1788 quid

488 1809 527 1874 de
550 1807 712 1894 Sophoclis
735 1809 893 1871 renuntia
912 1803 1146 1871 iudicabimus?
1189 1805 1260 1871 Non
1281 1808 1341 1888 ite,
1368 1807 1493 1890 opinor,
1520 1811 1558 1869 ut
1579 1805 1784 1871 Chamaeleon
1808 1807 1933 1886 statuit,
1961 1804 2018 1870 sed
2040 1813 2076 1870 ut
2096 1805 2188 1872 Plato
2212 1809 2316 1888 sensit,

487 1913 541 1996 qui
563 1913 596 1974 in
618 1909 756 1974 Socratis
777 1908 929 1994 Apologia
951 1906 969 1991 ξ
993 1907 1021 1970 7.
1044 1928 1075 1992 p.
1091 1907 1132 1972 99
1154 1906 1254 1990 hunc,
1281 1915 1447 1994 postquam
1473 1909 1507 1972 in
1528 1907 1641 1972 itinere
1664 1929 1736 1990 suo,
1765 1907 1849 1991 quod
1872 1913 1909 1972 ut
1935 1927 1969 1972 se
1992 1910 2203 1993 sapientiores
2230 1912 2315 1973 inve-

487 2013 586 2094 niret,
608 2031 666 2098 per
687 2011 844 2076 artificum
866 2011 1009 2075 cilicinas
1032 2009 1226 2092 instituerat,
1248 2009 1289 2074 ad
1309 2010 1542 2094 tragoediarum
1564 2016 1597 2074 et
1618 2009 1888 2094 dithyramborum
1910 2009 2053 2094 aliusque
2069 2013 2196 2094 generis
2212 2015 2316 2096 politas

487 2115 590 2196 uenit,
613 2113 770 2178 dicentem
784 2113 873 2177 iecit:
896 2117 991 2201 ἔγνων
1011 2104 1063 2174 οὖν
1084 2105 1122 2178 αὖ
1145 2113 1282 2200 καὶπερὶ
1303 2121 1365 2175 τῶν
1386 2120 1520 2182 ποιητῶν
1543 2114 1573 2176 ἐν
1596 2113 1689 2203 ὀλίγῳ
1711 2120 1818 2192 τοῦτο,
1841 2112 1888 2175 ὅτι
1910 2114 1944 2176 ού
1967 2113 2056 2201 σοφίᾳ
2076 2123 2191 2176 ποιοῖεν
2214 2115 2235 2174 ἃ
2255 2135 2316 2176 ποι-

487 2228 563 2298 οῖεν,
591 2214 673 2280 ἀλλά
695 2214 779 2303 φύσει
805 2215 862 2277 τινί
889 2215 941 2277 καὶ
969 2205 1206 2290 ἐνθουσιάζοντες
1231 2215 1329 2302 ὥσπερ
1352 2217 1380 2278 οί
1401 2211 1575 2304 θεομάνεεις
1596 2215 1647 2278 καὶ
1669 2219 1696 2278 ct
1717 2202 1903 2302 χρησμῳθοί·
1936 2215 2067 2305 καὶγὰρ
2090 2207 2176 2278 οὗτοι
2198 2213 2315 2304 λέγουσι

487 2318 542 2409 μὲν
562 2316 665 2382 πολλά
686 2317 737 2379 καὶ
759 2314 855 2398 καλά,
876 2319 957 2379 ίσασι
980 2303 1014 2378 δὲ
1035 2305 1122 2379 οὐδὲν
1144 2309 1186 2378 ὧν
1207 2313 1329 2407 λέγουσι
1351 2323 1383 2380 ct
1404 2319 1437 2380 in
1459 2316 1533 2382 Ione
1555 2339 1585 2403 p.
1601 2317 1680 2397 533,
1702 2317 1865 2382 Socratem
1886 2319 1994 2402 petitas
2017 2315 2176 2405 βακχεύειν
2198 2316 2316 2382 inducit

488 2421 662 2500 dicentem,
684 2425 715 2484 et
737 2417 937 2504 paulopost:
961 2419 1016 2482 άτε
1039 2411 1090 2481 οὖν
1111 2420 1147 2482 ού
1167 2415 1259 2506 τέχνη
1281 2427 1435 2493 ποιοῦντες
1455 2417 1628 2482 καὶπολλὰ
1649 2417 1771 2508 λέγουσι
1793 2419 1843 2482 καὶ
1866 2417 1947 2481 καλοὶ
1967 2419 2034 2507 περὶ
2054 2428 2117 2482 τῶν
2131 2417 2314 2510 πραγμάτων

486 2558 529 2569 ·—
551 2521 633 2585 ἀλλά
654 2517 720 2603 θεία
742 2521 831 2609 μοίρᾳ
851 2529 942 2583 τοῦτο
965 2519 1054 2608 μόνον
1077 2513 1171 2594 οίύςτε
1193 2519 1318 2594 ἕκαστος
1339 2530 1432 2584 ποιεῖν
1455 2523 1555 2596 καλῶς
1582 2517 1627 2609 ἐφ’
1649 2519 1665 2584 θ
1686 2524 1706 2592 ἡ
1729 2530 1827 2610 μοῦσα
1854 2521 1945 2585 αι’πθν
1967 2522 2103 2610 ὥρμησεν
2125 2543 2152 2584 κ
2176 2525 2204 2584 λ
2233 2523 2313 2586 etin

486 2623 620 2690 Menona
641 2645 672 2709 p.
695 2624 735 2687 99
759 2622 919 2687 Socratem
941 2622 1059 2688 dixisse
1081 2622 1192 2687 tradit:
1213 2623 1265 2685 καὶ
1287 2622 1344 2711 γάρ
1367 2615 1449 2686 οὗτοι
1472 2622 1517 2706 (ot
1538 2611 1712 2712 χρησμῳδοί
1732 2644 1768 2687 τε
1790 2624 1842 2686 καὶ
1863 2626 1891 2685 ot
1906 2620 2096 2711 θεομάντεις)
2120 2621 2244 2713 λέγουσι
2263 2621 2312 2711 μὲν

487 2723 588 2798 ἀληθῆ
609 2725 797 2806 καὶπολλὰ,
819 2728 899 2788 ῐσασι
921 2712 956 2788 δὲ
978 2713 1064 2787 οὐδὲν
1087 2717 1128 2787 ὧν
1149 2722 1287 2814 λέγουσιν
1309 2731 1342 2788 et
1362 2724 1451 2789 brevi
1473 2732 1544 2810 post
1564 2725 1713 2796 ποιητικοί
1735 2725 1798 2789 illis
1821 2724 2085 2806 adnumerantur,
2107 2726 2163 2808 qui
2178 2724 2313 2814 λέγοντες

486 2827 587 2892 πολλοὶ
608 2827 660 2891 καί
682 2825 803 2916 μεγάλα
823 2823 1004 2916 πράγματα,
1027 2814 1121 2916 μηδὲν
1143 2815 1256 2900 εἰδότες
1277 2820 1319 2889 ὧν
1340 2825 1486 2917 λέγουσιν.
1528 2827 1573 2892 Cl.
1589 2827 1669 2893 Plat
1686 2826 1725 2893 de
1740 2826 1832 2912 Legg.
1855 2828 1907 2892 IV.
1922 2849 1953 2912 p.
1971 2828 2042 2893 719.
2067 2827 2131 2892 cic.
2148 2849 2207 2913 pro
2222 2825 2312 2892 Arch.
2415 2823 2416 2840 ²

487 2953 514 2998 ο.
530 2930 559 2998 8.
594 2927 711 3009 Quodsi
725 2935 846 2994 veteres
863 2929 974 2994 Graeci
995 2927 1092 2993 animi
1109 2929 1387 2994 inflammationem
1402 2928 1623 3013 ardoremque,
1647 2931 1700 3012 qni
1714 2931 1749 2994 in
1763 2932 1865 3015 pottis
1880 2949 1950 2994 esse
1966 2928 2074 3011 soleat,
2097 2929 2212 2994 eadem
2226 2935 2314 3012 atqua

486 3033 704 3098 temulentiam
719 3030 878 3116 quandam
891 3051 1018 3095 movere
1033 3035 1065 3094 et
1079 3029 1203 3095 allicere
1220 3032 1373 3113 cogitant,
1391 3033 1424 3094 in
1440 3051 1502 3115 qua
1515 3030 1658 3096 homines
1673 3031 1749 3115 quid
1765 3031 1918 3115 quomodo
1935 3041 2039 3114 agant,
2053 3031 2148 3116 plane
2166 3033 2314 3110 nesciant,

403 3135 429 3212 ’,
485 3155 527 3200 ne
542 3133 729 3219 Sophoclem
750 3133 877 3217 quidem
899 3132 986 3198 aliud
1009 3131 1182 3216 quidquam
1204 3132 1308 3198 dicare
1323 3132 1461 3199 uoluisse
1484 3133 1576 3198 nobis
1599 3133 1799 3217 cogitandum
1822 3140 1885 3215 est,
1907 3136 1970 3198 nisi
1983 3131 2180 3218 Aeschylum
2202 3131 2314 3216 ingenii
2415 3163 2416 3218 γ

485 3235 606 3302 viribus
629 3238 800 3301 excitatum
823 3240 854 3300 et
876 3237 965 3319 quasi
987 3233 1093 3299 divino
1117 3234 1251 3318 quo‘dam
1273 3237 1386 3320 spiritu
1408 3235 1552 3299 inflatum
1573 3236 1647 3300 sarri
1670 3241 1701 3300 et
1722 3237 1825 3321 abripi
1847 3236 1940 3317 ειίυο,
1962 3227 1998 3300 υί
2017 3257 2097 3320 quae
2113 3238 2315 3302 convenirent
2415 3253 2416 3266 ¹

487 3346 520 3404 et
541 3338 688 3403 decerent
710 3344 742 3402 et
762 3337 810 3402 ias
835 3343 956 3418 assent,
988 3337 1092 3401 dicere
1114 3343 1170 3402 aut
1191 3339 1311 3403 inscius
1341 3339 1436 3402 sciret
1464 3343 1520 3401 aut
1548 3341 1625 3402 artis
1652 3346 1907 3424 praeceptorum,
1940 3358 2021 3422 quac
2047 3340 2146 3402 animi
2177 3338 2314 3404 ardorem

485 3440 697 3506 moderatione
720 3439 856 3525 quadam
877 3444 1100 3524 temperarent,
1122 3439 1183 3504 sibi
1205 3459 1269 3504 non
1292 3442 1445 3504 conscius.
1480 3439 1561 3518 Quid
1576 3443 1604 3504 si
1619 3447 1786 3524 utrumque
1801 3445 1926 3526 poetam
1943 3443 2192 3526 comparaveris,
2214 3457 2312 3504 nonne

486 3545 622 3628 sapienti
651 3541 706 3607 illa
733 3540 946 3606 moderatione
974 3540 1167 3624 Aeschylum
1197 3544 1339 3626 superari
1367 3563 1386 3606 a
1415 3541 1566 3627 Sophocle
1597 3540 1704 3607 dices?
1748 3541 1917 3629 Sophocles
1950 3543 2045 3626 igitur
2078 3543 2254 3608 iustissime
2281 3543 2312 3604 in

479 3629 642 3728 ¹Aeschylo
666 3665 734 3708 eam
755 3644 860 3728 potuit
881 3642 1059 3708 desiderare
1081 3642 1279 3728 prudentiam
1302 3650 1334 3708 et
1355 3643 1616 3726 moderationem,
1645 3664 1709 3728 qua
1730 3645 1797 3730 ipse
1820 3643 2005 3710 excellebat.
2047 3645 2116 3710 Iam
2137 3665 2213 3710 uero
2236 3643 2310 3708 Cha·

485 3747 627 3812 maeleon
650 3749 684 3811 in
706 3745 869 3831 Sophoclis
891 3746 996 3810 verbis
1018 3753 1239 3829 argumentum
1260 3747 1418 3811 invenisse
1442 3746 1571 3827 dicitur,
1593 3745 1803 3830 Aeschylum,
1826 3749 1910 3812 sicut
1924 3746 2026 3811 ebrios
2041 3749 2075 3810 in
2090 3767 2221 3812 scenam
2242 3766 2309 3830 pro·

487 3849 645 3930 duxisset,
673 3848 719 3912 ita
744 3847 849 3933 ipsum
877 3846 998 3912 ebrium
1025 3850 1165 3912 carmina
1191 3848 1378 3914 condidisse.
1423 3851 1492 3927 Qua
1517 3852 1550 3912 in
1577 3869 1610 3912 re
1633 3849 1839 3914 Chamaeleon
1867 3851 1935 3913 siue
1958 3848 2053 3914 dubio
2076 3851 2208 3928 erravit3
2240 3867 2309 3912 nam

486 3950 656 4037 Sophocles
676 3951 734 4014 hoc
758 3949 861 4014 dicere
881 3948 999 4028 noluit3
1021 3949 1131 4030 immo,
1159 3970 1239 4035 quae
1260 3950 1490 4036 Peripateticus
1513 3951 1635 4031 docuit,
1660 3971 1841 4036 perversam
1863 3953 1991 4036 sapiunt
2011 3949 2308 4036 interpretationem,

487 4073 621 4137 eumque
643 4051 722 4116 salso
745 4071 781 4116 ea
802 4051 996 4116 intellexisse
1018 4059 1160 4136 arguunt.
1204 4051 1379 4137 Aeschylus
1395 4053 1495 4135 enim,
1518 4055 1572 4136 qui
1590 4052 1628 4118 dc
1643 4074 1677 4117 se
1693 4055 1761 4138 ipso
1776 4059 1883 4118 narrat
1897 4053 1981 4138 apud
1995 4054 2132 4119 Pausau.
2148 4055 2172 4119 I.
2197 4073 2244 4138 cp.
2260 4051 2307 4130 91,

486 4155 516 4220 3.
539 4160 595 4243 ίφη
618 4142 653 4217 δὲ
673 4152 820 4241 Αἰσχύλος
841 4152 994 4243 μειράκιον
1017 4151 1058 4218 ὢν
1080 4142 1235 4218 καθεύθειν
1258 4155 1288 4218 ἐν
1310 4157 1394 4244 ἀγρῷ
1417 4152 1576 4242 φυλάσσων
1598 4153 1766 4242 σταφυλάς,
1782 4156 1841 4218 νιαί
1862 4159 1891 4218 οί
1912 4154 2054 4218 Διόνυσον
2076 4154 2241 4219 ἐπιστάντα
2261 4173 2307 4214 κε-

485 4261 589 4321 λεῦσαι
610 4244 780 4344 τραγῳδίαν
802 4265 909 4319 ποιεῖν·
937 4260 976 4330 ὡς
998 4244 1033 4319 δὲ
1054 4249 1089 4326 ἦν
1111 4253 1208 4344 ἡμέρα
1236 4253 1403 4340 (πείθεσθαι
1428 4255 1486 4345 γάρ
1509 4254 1636 4339 ἐθέλειν)
1667 4259 1763 4338 ῥᾷστα
1783 4246 1844 4328 ἤδη
1865 4258 2044 4346 πειρώμενος
2066 4268 2175 4338 ποιεῖν,
2202 4263 2237 4320 ut
2257 4253 2307 4318 alii

485 4362 594 4445 politae
616 4360 649 4422 in
671 4378 793 4440 musas,
820 4359 864 4422 ita
885 4361 919 4423 in
940 4357 1044 4443 ipsum
1065 4357 1168 4422 Deum
1189 4379 1259 4422 eam
1281 4365 1380 4422 artem
1402 4359 1512 4440 refert,
1540 4377 1635 4442 quam
1661 4359 1868 4444 profitebatur
1890 4379 2013 4444 quaque
2035 4360 2131 4424 festos
2154 4361 2222 4424 eius
2243 4356 2305 4420 dics

486 4459 673 4526 celebrabat.
716 4460 801 4524 Deus
827 4459 923 4542 igitur
949 4463 1017 4545 ipse
1045 4463 1175 4544 eiusque
1205 4459 1357 4524 solemnia
1382 4459 1530 4543 Aeschyli
1558 4461 1698 4526 animum
1720 4460 1830 4525 ardore
1852 4461 1905 4525 illo
1927 4469 2105 4543 moverant,
2139 4461 2305 4542 eademque

486 4568 535 4626 est
555 4562 775 4646 Aristophanis
804 4564 975 4644 sententia,
1003 4582 1099 4646 quum
1121 4564 1154 4627 in
1176 4563 1254 4626 Ran.
1280 4562 1361 4626 1959
1389 4583 1462 4626 eum
1489 4561 1627 4648 appellat
1653 4561 1799 4651 Βακχεῖον
1829 4560 1954 4627 ἄνακτα
1997 4565 2055 4628 llis
2077 4563 2157 4628 adde
2180 4559 2303 4644 Gorgiae

486 4665 607 4730 dictum
635 4671 682 4746 et,
715 4664 798 4747 quod
828 4663 912 4749 apud
940 4668 1063 4729 ueteres
1093 4683 1215 4749 quoque
1246 4664 1370 4729 valebat
1398 4664 1568 4746 iudicium,
1599 4667 1673 4729 vino
1703 4667 1808 4730 inesse
1838 4665 1975 4750 aliquam
2004 4668 2123 4749 ingenii
2152 4659 2304 4730 excitandi

484 4768 643 4850 animique
666 4765 880 4830 inflammandi
902 4768 983 4844 vim,
1011 4786 1144 4851 quorum
1165 4765 1300 4831 alterum
1326 4765 1409 4851 apud
1430 4766 1633 4831 Plutarchum
1656 4766 1752 4832 habes
1774 4770 1808 4832 in
1831 4767 1926 4833 Conv.
1950 4769 2048 4834 Serm.
2073 4768 2141 4849 Vll,
2163 4769 2192 4832 9.
2215 4767 2302 4849 ὥςπερ

484 4870 536 4932 καί
556 4868 609 4932 τθν
631 4867 777 4956 Αἰσχύλον
800 4873 946 4955 ἱστοροῦσι
967 4867 1021 4942 τοὶς
1043 4858 1212 4958 τραγῳδίας
1235 4869 1397 4957 ἐμπίνοντα
1418 4879 1527 4948 ποιεῖν,
1553 4869 1605 4931 καί
1627 4871 1695 4958 υύχ,
1725 4874 1765 4944 ὡς
1785 4868 1912 4959 Γοργίας
1939 4866 2028 4950 εἶπεν,
2057 4873 2088 4932 ἓν
2108 4879 2170 4934 τῶν
2193 4857 2302 4955 δραμά-

483 4994 545 5034 των
572 4973 664 5034 αύτοῦ
691 4969 801 5059 μεστὸν
823 4967 935 5058 Ἀρεως
961 4966 1049 5050 εἶναι,
1075 4970 1144 5044 τοὺς
1172 4969 1250 5034 ἑπτά
1277 4971 1324 5034 ἐπὶ
1346 4967 1465 5053 Θηβας,
1492 4969 1574 5033 ἀλλά
1598 4968 1700 5034 πάντα
1721 4971 1864 5035 Διονύσου
1887 4975 1961 5034 κλ
1984 4973 2117 5037 alterum
2139 4973 2172 5036 in
2194 4968 2301 5034 iisdem

485 5073 612 5138 Conviv.
636 5072 735 5159 Serm.
754 5074 787 5154 1,
807 5072 826 5136 5
853 5070 946 5155 legis,
973 5072 1029 5147 ubi
1051 5071 1179 5155 quidem
1206 5074 1299 5138 etiam
1327 5074 1360 5136 in
1382 5071 1460 5136 haec
1481 5071 1611 5137 incidis:
1645 5075 1696 5136 καί
1722 5073 1775 5137 τὸν
1796 5073 1944 5163 Αἰσχύλον
1967 5075 2039 5164 φασί
2064 5073 2118 5150 τοὶς
2139 5059 2301 5163 τραγῳδίας

484 5173 609 5238 πίνοντα
634 5184 727 5238 ποιεῖν
748 5173 800 5237 καὶ
827 5162 1113 5263 διαθερμαινόμενον.
