4866 6178
1266 353 1453 416 ..4-

441 543 530 607 taudi
553 545 707 606 rationem
730 561 803 625 prae
826 562 860 604 se
883 541 963 605 serre
986 539 1096 604 solent.
1141 541 1190 605 Ab
1219 539 1268 604 his
1295 541 1390 622 igitur
1411 539 1538 628 iudiciis
1564 538 1687 605 inducti
1708 538 1867 604 addebant
1897 539 2123 626 discipulorum
2145 543 2275 628 seriptis

441 647 663 728 magistrorum
690 645 831 724 nomina,
858 643 937 707 falsa
957 643 1089 706 sortasse
1112 650 1281 726 sequentes
1303 645 1451 725 vestigia,
1476 641 1534 706 sed
1557 649 1589 705 et
1610 641 1701 705 liberi
1722 641 1785 726 ipsi
1807 663 1842 706 aa
1866 641 1961 707 soluti
1983 643 2023 707 ab
2045 645 2131 706 omui
2151 642 2273 707 fraudis

442 748 636 832 suspicione,
658 766 761 830 neque
784 747 851 810 eius
877 744 1096 810 insimulantes
1117 763 1169 808 eos
1189 751 1349 826 auctores,
1372 765 1503 828 quorum
1517 745 1683 826 magistros
1698 743 1731 806 in
1747 743 1897 808 librorum
1912 743 2013 810 titulis
2028 743 2271 829 adscripserant.

441 849 490 912 lta
503 855 730 931 utrumcunque
745 849 836 930 sequi
852 845 936 911 voles
952 849 1173 927 coniecturam,
1189 845 1227 910 de
1243 845 1476 912 necessitudine
1489 845 1636 929 quadam,
1651 865 1730 929 quae
1745 847 1827 910 inter
1840 847 2026 928 magistrum
2038 853 2070 910 et
2081 846 2273 932 discipulum

441 952 670 1028 intercesserit,
691 949 750 1014 tibi
766 948 967 1033 cogitandum
989 949 1063 1029 erit,
1086 951 1273 1033 saepiusque
1295 969 1358 1013 non
1374 947 1569 1012 adversarios
1592 946 1647 1011 sed
1664 946 1834 1032 discipulos
1856 947 1999 1012 invenies
2019 967 2092 1013 cum
2112 951 2271 1032 magistris

442 1055 507 1116 suis
530 1052 712 1116 coniunctos
735 1058 770 1115 ut
796 1055 830 1114 in
852 1050 1059 1139 ὑπομνήμασιν
1080 1048 1295 1138 Ἀριστοτέλους
1316 1047 1336 1122 ἢ
1358 1048 1568 1139 Θεοφράστου,
1593 1051 1626 1114 in
1649 1037 1805 1138 διακόσμῳ
1828 1049 2016 1138 Δημοκρίτου
2038 1048 2058 1121 ἢ
2080 1049 2269 1131 Λευκίππου,

441 1161 476 1217 ut
497 1157 530 1218 in
552 1156 672 1236 magico
688 1153 887 1218 Antisthenis
909 1153 960 1217 vel
974 1152 1167 1216 Aristotelis:
1190 1172 1254 1216 non
1277 1155 1362 1218 enim
1383 1151 1491 1234 video,
1513 1173 1569 1216 cur
1584 1150 1786 1216 Aristotelem
1807 1151 2057 1238 nontcredamus
2072 1153 2270 1218 Antisthenis

442 1257 528 1320 senis
550 1255 724 1320 auditorem
746 1256 854 1319 luisse.
898 1255 968 1320 Non
996 1256 1091 1336 igitur
1117 1275 1268 1338 praeceps
1292 1261 1323 1318 et
1345 1257 1530 1318 temerarius
1552 1275 1592 1317 ne
1615 1255 1676 1318 sim
1697 1273 1821 1332 vereor,
1850 1257 1904 1337 qui
1926 1260 2052 1338 propter
2073 1255 2153 1320 hanc
2177 1275 2271 1338 quam

442 1360 682 1423 commemoravi
706 1378 849 1422 caussam
866 1356 1138 1422 Chamaeleontem
1154 1356 1362 1441 Theophrasti
1383 1356 1481 1422 fuisse
1504 1354 1694 1440 discipulum
1717 1349 1878 1421 boniciam.
1920 1357 1980 1433 Qui
2002 1359 2030 1420 si
2053 1357 2161 1438 luerit,
2184 1377 2269 1422 com·

440 1467 596 1526 moratum
625 1459 843 1524 Heracleotam
872 1459 1005 1524 Athenis
1036 1457 1200 1522 credamus
1229 1479 1359 1523 necesse
1389 1461 1464 1539 erit,
1493 1465 1528 1520 ut
1558 1457 1808 1543 Theophrastum
1835 1457 1958 1521 audiret
1985 1457 2024 1522 de
2051 1459 2144 1524 rebus
2166 1447 2239 1544 phil
2254 1494 2269 1506 -

442 1562 578 1648 sophicis
601 1562 831 1646 disputantem,
854 1563 908 1644 qui
930 1567 1000 1646 post
1021 1560 1224 1625 Aristotelem
1245 1563 1278 1624 iu
1300 1561 1401 1643 Lyceo
1424 1559 1546 1624 scholas
1569 1563 1751 1645 aperuisset.

595 1666 696 1742 Quum
717 1663 782 1728 iam
803 1664 931 1748 propius
953 1663 993 1726 ad
1015 1668 1150 1727 aetatem
1166 1661 1417 1728 Chamaeleontis
1439 1664 1611 1726 accessisse
1628 1661 1804 1742 videamur,
1826 1661 1923 1726 altero
1945 1662 2012 1726 loco
2032 1661 2070 1726 de
2092 1667 2270 1730 narratione

442 1769 502 1831 erit
528 1765 698 1850 agendum,
726 1787 818 1850 quam
840 1765 1001 1830 Memnoni
1029 1765 1195 1844 debemus,
1223 1764 1463 1848 diligentissimo
1492 1763 1574 1848 quod
1602 1765 1737 1828 sciamus
1763 1785 1867 1828 rerum
1887 1765 2089 1830 Ponticarum
2116 1765 2302 1850 scriptori,'

441 1868 563 1952 aequali
585 1871 619 1932 ni
641 1867 844 1932 vehementer
864 1867 1003 1931 fallimur
1026 1874 1057 1930 et
1070 1866 1231 1931 Plutarchi
1254 1873 1285 1930 et
1300 1867 1418 1948 Taciti,
1440 1869 1528 1931 cuius
1551 1865 1590 1930 de
1605 1864 1744 1930 historiis
1759 1865 1838 1930 nihil
1852 1877 1959 1930 tamen
1982 1873 2082 1948 extat,
2101 1869 2164 1932 nisi
2186 1868 2270 1951 quod

439 1971 569 2036 Photius
596 1974 629 2035 in
656 1969 881 2035 bibliothecam
908 1989 998 2034 suam
1026 1969 1211 2054 compendio
1239 1967 1409 2033 transtulit.
1459 1969 1487 2032 A
1513 1988 1595 2033 nono
1623 1967 1663 2032 ad
1691 1974 1835 2050 quartum
1863 1967 2020 2034 decimum
2047 1968 2163 2034 librum
2184 1969 2271 2034 hand

440 2094 541 2159 pauca
566 2076 600 2136 in
627 2093 719 2136 suum
740 2092 831 2134 usum
858 2074 1011 2136 convertit
1032 2070 1224 2154 Byzantinus
1250 2071 1303 2135 ille
1325 2073 1374 2134 vir
1401 2071 1525 2148 doctus;
1553 2091 1589 2133 ex
1613 2069 1722 2134 ultimo
1743 2069 1796 2134 vel
1817 2073 1975 2154 superiore
2001 2070 2080 2136 libro
2102 2076 2275 2157 excerpsit,

442 2196 521 2260 quaa
547 2178 580 2239 in
604 2174 670 2239 cod.
688 2173 758 2237 224.
779 2195 810 2258 p.
827 2171 899 2238 226.
923 2194 950 2236 a.
966 2173 1062 2238 Bell.
1087 2181 1209 2238 narrat:
1232 2171 1283 2236 Ἑν
1304 2173 1404 2254 τοότῳ
1428 2163 1462 2236 δὲ
1483 2171 1631 2246 Σέλευκος
1651 2161 1828 2260 Ἀφροδίσιον
1849 2171 1974 2260 πέμπει,
1998 2162 2150 2244 διοικητὴν
2173 2177 2212 2250 εἷς
2232 2195 2268 2238 τε

440 2278 495 2351 τάς
517 2279 548 2340 ὲν
569 2274 691 2364 Φρυγία
711 2275 813 2349 πόλεις
834 2277 885 2338 καὶ
905 2275 960 2349 τάς
982 2274 1192 2364 ὑπερκειμένας
1217 2285 1273 2339 τοῦ
1295 2272 1424 2338 Πόντου.
1458 2271 1497 2338 Ὀ
1521 2264 1555 2338 δὲ
1582 2263 1818 2363 διαπραξάμενος
1846 2277 1867 2336 ἃ
1893 2273 2035 2356 ἐβούλετο
2063 2277 2113 2338 καί
2141 2277 2268 2340 ἐπανιὼν

439 2389 502 2442 τῶν
524 2377 577 2466 μὲν
600 2380 702 2440 ἄλλων
724 2376 842 2440 πόλεων
868 2381 898 2440 ίν
920 2378 1048 2452 ἐπαίνοις
1070 2371 1120 2456 ἦν,
1144 2375 1363 2466 Ἡρακλεωτῶν
1386 2366 1420 2442 tt
1447 2375 1609 2466 κατηγόρει
1636 2376 1677 2464 μή
1700 2378 1837 2449 εὐνοϊκῶς
1859 2380 1935 2464 ἔχειν
1956 2387 2019 2452 τοῖς
2040 2387 2095 2440 τοῦ
2117 2375 2268 2442 Σελεύκου

439 2480 624 2570 πράγμασιν·
651 2477 697 2566 ὑφ’
720 2472 754 2542 οὗ
774 2477 922 2554 Σέλευκος
943 2470 1133 2568 παροξυνθεὶς
1152 2479 1222 2553 τούς
1243 2501 1278 2542 τε
1297 2479 1368 2566 πρός
1391 2479 1482 2544 αὐτόν
1504 2477 1699 2567 ἀφικομένους
1719 2477 1852 2565 πρέσβεις
1873 2480 2075 2554 άπειλητικοῒς
2094 2470 2267 2568 ὲὶεφαόλιζε

439 2581 540 2671 λόγοις
563 2582 613 2644 καὶ
628 2579 853 2662 κατέπληττεν,
877 2580 940 2655 ἑνός
953 2591 1008 2644 τοῦ
1024 2579 1252 2670 Χαμαιλέονσος
1272 2567 1358 2644 οὐδὲν
1373 2570 1596 2668 όρρωδιόσαντος
1615 2578 1669 2654 τοὶς
1685 2579 1823 2659 ἀπειλάς,
1846 2580 1927 2643 άλλά
1941 2579 2073 2669 φαμένου
2097 2579 2266 2670 ,Ἡρακλῆς

440 2683 565 2772 κάρρων,
588 2681 746 2748 Σέλευκείί
770 2681 896 2772 (κάρρων
912 2672 946 2746 δὲ
962 2686 978 2745 ό
993 2683 1178 2771 ἰσχυρότερος
1191 2683 1273 2771 παρά
1288 2679 1464 2771 Δωριεῦσιν).
1494 2678 1532 2745 Ὀ
1555 2671 1580 2745 δ’
1603 2674 1653 2744 οὗν
1675 2679 1823 2756 Σέλευκος
1843 2682 1881 2744 τό
1897 2680 1951 2770 μὲν
1966 2679 2052 2764 ρἠθὲν
2074 2685 2109 2746 ab
2131 2694 2266 2764 συνῆκεν,

441 2790 530 2876 ὀργῆς
552 2776 578 2850 δ’
600 2791 639 2860 ὠς
658 2781 734 2883 εἶχε,
757 2787 807 2848 καὶ
822 2783 1021 2872 ἀπετράπετο.
1048 2783 1119 2860 Τοῖς
1135 2775 1169 2848 δὲ
1191 2786 1261 2848 οὔτε
1282 2786 1319 2848 τό
1342 2788 1504 2873 ἀναχωρεῖν
1519 2773 1624 2847 οἶκαδε
1647 2784 1716 2848 οὔτε
1737 2783 1774 2846 τό
1791 2783 1966 2872 προσμένειν
1987 2783 2140 2860 λυσιτελὲς
2160 2775 2267 2850 ἐδόκει.

441 2890 506 2965 Quo
521 2895 660 2973 tempore
675 2889 787 2970 legatio
802 2886 1059 2952 Heracleotarum
1074 2886 1113 2951 ad
1129 2887 1295 2952 Seleucum
1309 2887 1487 2952 Nicatorem
1502 2889 1696 2971 pervenerit,
1716 2888 1893 2950 accuratius
1915 2892 2019 2970 potest
2033 2891 2206 2972 computari
2229 2909 2269 2952 er

438 2994 589 3075 temporis
611 2993 742 3064 ratione,
765 3009 858 3072 quam
874 2989 1001 3072 colligas
1017 3011 1056 3053 es
1070 2989 1245 3056 Memnonis
1267 2989 1510 3069 narrationibus,
1532 3007 1611 3071 quae
1634 3008 1728 3071 quam
1743 2987 1835 3053 modo
1850 2988 1965 3072 protuli
1987 2997 2019 3052 et
2040 2995 2213 3073 sequuntur
2235 2999 2267 3053 et

440 3093 640 3157 antecedunt.
673 3089 878 3174 Lysimachus
901 3092 984 3156 euim
1007 3099 1148 3156 mortuus
1171 3098 1220 3156 est
1242 3095 1273 3156 in
1297 3112 1401 3175 pugna
1421 3093 1455 3154 in
1472 3090 1646 3176 Curnpedio
1662 3092 1828 3158 commissa
1850 3097 1969 3154 aestate
1992 3094 2067 3154 anni
2090 3091 2150 3156 281
2166 3113 2193 3156 a
2211 3091 2266 3157 Ch.

442 3197 603 3276 Quumque
619 3193 769 3258 Seleucus
783 3193 911 3258 Nicator
931 3195 994 3258 iam
1017 3197 1145 3258 ineunte
1168 3214 1249 3258 anno
1273 3193 1335 3256 280
1356 3197 1391 3257 in
1413 3193 1581 3257 Thraciam
1602 3194 1775 3273 traiecerit,
1797 3191 1917 3256 nullum
1940 3197 2038 3256 restat
2059 3198 2184 3278 tempus
2206 3195 2267 3258 nisi

440 3298 516 3360 anni
538 3295 598 3359 281
622 3296 694 3360 finis
716 3295 767 3358 vel
789 3298 864 3358 anni
886 3294 949 3359 280
971 3295 1216 3379 initiumque,
1243 3317 1340 3380 quum
1362 3295 1512 3360 Seleucus
1538 3297 1571 3358 in
1593 3296 1671 3359 Asia
1692 3301 1935 3358 commoraretur
1961 3301 1998 3360 ut
2024 3295 2062 3360 de
2089 3296 2266 3378 Lysimachi

439 3397 611 3462 hereditate
634 3404 800 3478 statueret,
827 3395 940 3479 legatio
964 3418 1001 3462 ea
1022 3418 1127 3481 regem
1149 3387 1236 3462 adire
1259 3401 1403 3482 potuerit.
1449 3399 1534 3474 Quae
1563 3398 1641 3461 ratio
1669 3404 1794 3460 constat
1816 3417 1886 3460 cum
1909 3417 1961 3477 ea,
1988 3418 2082 3480 quam
2105 3397 2143 3462 de
2164 3403 2265 3462 aetate

440 3499 691 3565 Chamaeleontis
718 3520 757 3564 ex
783 3499 1016 3564 necessitudine
1040 3501 1107 3563 eius
1130 3521 1201 3564 cum
1216 3500 1429 3585 Theophrasto
1451 3499 1542 3564 modo
1565 3497 1780 3562 subduximus.
1816 3500 1917 3575 Quum
1933 3500 2017 3563 euim
2033 3500 2264 3584 Theophrastus

441 3602 563 3687 Olymp.
587 3601 664 3684 123,
686 3601 715 3666 3,
740 3601 838 3684 (anno
862 3600 941 3683 286)
970 3601 1096 3694 demum
1122 3607 1264 3696 mortuus
1291 3605 1346 3677 sit,
1375 3601 1582 3666 Chamaeleon
1608 3601 1835 3685 Peripateticus
1862 3620 1974 3683 magno
2002 3622 2038 3665 eo
2064 3607 2264 3686 praeceptore

439 3707 508 3770 siue
531 3703 625 3770 dubio
646 3706 693 3768 uti
713 3706 824 3789 potuit.
866 3704 950 3782 Quae
973 3704 1001 3768 si
1023 3705 1206 3786 cogitaveris
1229 3711 1322 3788 atque
1344 3703 1424 3768 illud
1445 3723 1567 3787 quoqne
1589 3703 1764 3784 addideris,
1786 3701 1958 3767 studiorum
1981 3705 2150 3786 rationem,
2172 3723 2267 3788 quam

440 3804 649 3870 Chamaeleon
670 3813 796 3870 secutus
819 3826 889 3870 esse
910 3805 1049 3887 videtur,
1079 3805 1165 3870 nulla
1187 3808 1220 3872 iu
1241 3827 1275 3870 re
1298 3806 1464 3871 abhorrere
1491 3807 1530 3871 ab
1558 3827 1610 3886 ea,
1632 3825 1726 3888 quam
1751 3807 1885 3890 proximi
1908 3825 1946 3868 ex
1967 3805 2068 3888 Lyceo
2090 3805 2267 3872 Aristotelis

440 3907 588 3994 discipuli
609 3910 763 3988 inierunt,
785 3907 922 3991 legatum
944 3908 1033 3972 illum
1049 3908 1323 3974 Chamaeleontem
1346 3907 1480 3972 eundem
1501 3909 1599 3972 luisse
1621 3914 1715 3991 atque
1737 3909 1977 3992 peripateticum
1997 3928 2048 3972 me
2070 3928 2133 3972 non
2155 3908 2268 3972 iniuria

440 4013 612 4076 coniecisse
627 4010 719 4075 facile
735 4013 927 4074 assentieris.
961 4010 1029 4075 Huc
1045 4012 1109 4073 iam
1124 4010 1268 4092 accedit,
1283 4011 1317 4075 id
1332 4011 1415 4093 quod
1429 4012 1495 4074 iure
1511 4031 1549 4073 ex
1563 4009 1711 4093 Diogenis
1726 4008 1842 4073 Labrtii
1856 4012 2033 4074 narratione
2050 4009 2087 4093 (V
2087 4058 2097 4091 ,
2112 4011 2143 4092 6,
2158 4011 2188 4091 7,
2203 4009 2265 4092 92.)

439 4115 543 4178 evinci
564 4117 683 4197 potest,
705 4111 804 4196 quod,
827 4112 970 4196 quamvis
992 4112 1090 4176 multo
1113 4115 1227 4194 minor,
1249 4112 1390 4197 aequalis
1412 4119 1519 4176 tamen
1540 4112 1663 4176 Pontici
1684 4109 1859 4176 Heraclidis
1880 4109 2043 4177 habendus
2066 4119 2130 4194 ast,
2152 4115 2266 4196 quippe

439 4218 493 4299 qui
520 4235 600 4298 quae
627 4214 666 4279 de
689 4215 823 4279 Homero
851 4219 883 4277 et
904 4213 1039 4279 Hesiodo
1068 4217 1136 4299 ipse
1165 4214 1337 4296 docuisset,
1366 4216 1425 4280 sibi
1451 4215 1588 4277 iuratum
1610 4234 1680 4278 esse
1703 4221 1735 4277 et
1756 4235 1812 4297 pro
1834 4212 1900 4278 suis
1922 4213 2048 4278 dedisse
2069 4213 2268 4279 Heraclidem

438 4315 714 4381 vehementissime
730 4323 918 4398 conquestus
934 4318 984 4381 sit.
1017 4315 1091 4382 Ideo
1112 4337 1172 4400 quo
1192 4317 1300 4392 floruit
1314 4316 1521 4382 Chamaeleon
1536 4335 1637 4380 annus
1652 4321 1725 4379 aute
1742 4315 1900 4380 Christum
1914 4323 2025 4381 natum
2038 4317 2098 4380 fuit
2117 4319 2267 4382 tricente-

439 4420 554 4498 simus,
575 4423 623 4499 et,
645 4420 673 4482 si
694 4417 851 4482 Memnoni
873 4417 953 4482 fides
975 4425 1038 4500 est,
1060 4421 1093 4483 in
1115 4419 1290 4484 voluntario
1312 4422 1393 4482 vixit
1414 4418 1506 4482 exilio
1529 4417 1636 4503 procul
1659 4420 1807 4502 epatris.

590 4521 694 4604 Atque
716 4527 752 4585 ut
772 4521 813 4586 ad
835 4542 888 4602 ea,
910 4541 990 4604 quae
1012 4520 1140 4606 reliquit
1162 4521 1281 4606 scripta
1301 4527 1514 4601 transeamus,
1543 4517 1752 4584 Chamaeleon
1775 4519 1813 4584 de
1835 4523 1936 4604 politis
1958 4522 2056 4605 epicis
2078 4521 2213 4586 Homero
2235 4527 2268 4584 et

437 4621 589 4703 Hesiodo,
611 4621 651 4686 de
673 4623 779 4706 lyricis
802 4623 995 4704 Stesichoro,
1017 4623 1187 4704 Alcmane,
1209 4621 1395 4708 Sapphone,
1417 4622 1633 4703 Anacreonte,
1655 4622 1752 4704 Laso,
1775 4621 1951 4703 Simonide,
1977 4621 2130 4704 Pindaro,
2153 4623 2192 4688 de
2214 4643 2266 4688 co·

438 4723 576 4806 moedia,
599 4724 637 4789 de
654 4725 794 4808 Satyrion
818 4725 974 4806 dramate,
997 4724 1036 4789 de
1052 4724 1225 4811 Thespide,
1248 4724 1286 4789 de
1301 4723 1473 4808 Aeschylo,
1496 4731 1551 4788 aut
1572 4723 1745 4808 singulares
1768 4724 1863 4790 libros
1887 4722 2079 4804 condidisse,
2101 4725 2267 4810 autquasi

437 4829 632 4914 praeteriens
659 4847 820 4910 narrasse,
849 4834 880 4892 et
905 4827 997 4918 λόγον
1018 4828 1234 4916 προτρεπτικόν
1255 4829 1321 4914 περὶ
1343 4835 1486 4914 μουσικῆς
1508 4828 1719 4911 composuisse
1741 4825 1874 4890 videtur.
1918 4823 2046 4888 Nullum
2067 4828 2162 4908 igitur
2183 4829 2266 4890 anti-

438 4950 570 5014 quarum
585 4929 760 4994 litterarum
782 4930 886 4996 locum
904 4933 1058 4994 intactum
1073 4929 1215 5014 reliquit,
1231 4929 1288 4994 sed
1302 4929 1415 4993 studiis
1438 4931 1503 5004 suis
1518 4928 1680 5013 amplexus
1696 4933 1744 4992 est
1766 4947 1889 4992 omnem
1907 4928 2095 4991 Graecorum
2111 4929 2267 5012 politicam

437 5037 553 5115 artem,
580 5053 660 5118 quae
682 5034 796 5118 quibus
824 5055 863 5098 ex
885 5032 1057 5116 originibus
1080 5032 1218 5117 prosecta
1238 5031 1280 5096 ad
1306 5051 1462 5096 summum
1488 5033 1666 5116 pervenerit
1688 5031 1811 5111 liorem,
1834 5027 2074 5111 diligentissime
2097 5031 2268 5112 anquisivit

438 5133 681 5220 doctissimeque
704 5138 848 5221 exposuit
871 5134 1088 5201 Chamaeleon.
