4866 6178
372 742 423 808 29.

1284 349 1494 414 ,40-

471 561 502 624 p.
517 537 591 602 461.
603 555 701 600 a-e.
737 533 884 600 Ceterum
906 555 986 619 quae
1010 533 1049 600 de
1063 535 1180 601 Alcaeo
1195 541 1270 601 eunt
1284 536 1369 622 apud
1384 536 1676 619 Chamaeleontem,
1701 557 1739 601 ea
1753 537 1815 602 huo
1834 537 1999 616 referende
2013 557 2084 602 esse
2101 557 2229 602 censeo.
2253 536 2311 624 (Cf.

473 641 588 706 Athen.
603 639 641 704 X.
664 659 695 724 p.
711 637 783 702 430.
794 637 834 721 a.)

622 740 783 824 Reliquias
806 759 844 803 ex
865 739 945 805 libro
967 739 1006 804 de
1028 739 1215 804 temulentia
1242 745 1381 804 servatae
1410 739 1468 805 has
1494 741 1659 807 habemus.
1694 742 1790 808 Clem.
1810 740 1981 808 Alexandr.
2005 741 2123 806 Strom.
2142 743 2172 805 1.
2197 763 2246 826 cp.
2263 743 2312 808 26.

471 865 542 932 pag.
557 843 629 908 422.
651 843 733 908 Pott.
755 837 938 930 Χαμαιλέων
959 863 995 905 τε
1017 845 1034 904 d
1056 839 1268 929 Ἡρακλεώτης
1289 843 1321 906 έν
1341 851 1387 924 τῷ
1408 845 1475 931 περὶ
1497 841 1588 932 μέθης
1609 845 1661 908 καὶ
1682 840 1882 934 Ἀριστοτέλης
1904 845 1936 908 έν
1956 855 1998 928 τῇ
2016 841 2151 932 Λοκρῶν
2174 847 2315 926 πολιτείᾳ

472 945 627 1010 Ζάλευκον
648 943 701 1007 adv
722 941 843 1031 Λοκρύν
865 944 948 1032 παρά
967 953 1021 1018 τῆς
1043 941 1162 1019 ’Λθηνοϊς
1182 944 1252 1019 τούς
1273 944 1381 1033 νόμους
1403 945 1566 1034 λαμβάνειν
1588 944 1892 1036 ἀπομνημονεύουσιν.

623 1047 753 1112 Veteres
776 1066 888 1130 quum,
910 1066 990 1130 quae
1013 1049 1133 1132 impetu
1155 1049 1246 1130 quasi
1268 1046 1403 1131 quodam
1427 1055 1459 1112 et
1480 1048 1590 1112 ardore
1612 1049 1652 1113 ab
1676 1048 1855 1115 hominibus
1878 1049 2008 1128 fierent,
2030 1069 2069 1112 ea
2090 1047 2238 1112 bumana
2259 1067 2315 1110 na·

471 1159 544 1216 tura
563 1150 720 1236 proficisci
741 1169 833 1234 posse
856 1169 919 1212 ucu
942 1149 1185 1231 arbitrarentur,
1214 1149 1287 1231 sed,
1316 1150 1399 1214 sicut
1420 1153 1454 1214 iu
1476 1153 1577 1236 potitis
1599 1156 1631 1214 et
1653 1152 1791 1216 cuiusvis
1813 1153 1937 1234 generis
1959 1149 2138 1214 artificibus
2161 1149 2315 1230 lecerunt,

473 1253 581 1318 diune
602 1273 660 1336 ope
682 1258 714 1314 et
735 1250 892 1338 praesidio
914 1253 959 1315 ita
979 1250 1125 1316 homines
1147 1271 1238 1334 agere
1261 1250 1441 1334 crederent,
1463 1261 1499 1316 ut
1521 1273 1559 1317 ex
1581 1254 1659 1338 ipsis
1681 1253 1792 1318 insciis
1807 1253 1859 1317 Dii
1875 1252 2005 1336 quidam
2023 1252 2146 1336 ingenii
2161 1251 2316 1316 miracula

473 1357 675 1444 pertinerent:
697 1353 749 1417 vel
762 1353 899 1417 Minoem
921 1352 1041 1434 aluve,
1059 1352 1238 1436 Lycurgum
1252 1354 1291 1418 ab
1308 1354 1472 1439 Apolline,
1494 1355 1629 1420 Numam
1644 1355 1683 1419 ab
1699 1355 1810 1439 Egeria
1825 1354 1978 1440 nymphe,
2000 1355 2110 1420 Mosen
2126 1375 2147 1418 a
2161 1353 2230 1419 Deo
2249 1356 2314 1438 ipso

472 1458 594 1540 legibus
618 1454 790 1520 condendis
811 1454 951 1520 initiatos
974 1475 1044 1519 esse
1067 1455 1240 1520 docueruut
1255 1456 1365 1537 (Clam.
1380 1457 1470 1522 Alex.
1487 1455 1507 1520 l.
1525 1456 1570 1541 l),
1591 1456 1642 1521 vel
1657 1457 1848 1540 Aeschylum
1870 1457 2009 1541 aliosque
2029 1461 2140 1542 poetas
2156 1477 2177 1520 a
2191 1456 2314 1521 Baccho

474 1581 543 1625 esse
565 1559 774 1624 inflammatos
795 1555 1087 1643 puta1·uut(Athen.
1103 1557 1140 1623 X.
1155 1581 1186 1642 p.
1202 1559 1274 1623 429.
1284 1580 1311 1622 a.
1335 1559 1374 1623 ol.
1395 1579 1490 1644 supra
1512 1580 1542 1644 p.
1558 1559 1622 1638 34).
1655 1559 1703 1623 lta
1718 1558 1871 1624 Zaleucus
1888 1558 1971 1642 leges
1986 1582 2006 1624 a
2019 1559 2166 1624 Minerva
2181 1559 2314 1643 accepit.

474 1662 536 1727 Sed
560 1661 636 1745 quid
656 1660 734 1725 haec
749 1660 811 1726 eibi
826 1659 982 1726 voluerint
996 1659 1031 1726 in
1047 1658 1127 1725 libro
1143 1659 1181 1724 de
1197 1661 1382 1724 temulentia
1396 1664 1424 1724 si
1439 1663 1509 1744 quis
1524 1663 1710 1745 quaesierit,
1732 1681 1803 1726 eum
1819 1661 2018 1726 Athenaeum
2032 1661 2068 1726 X.
2084 1683 2118 1746 p.
2134 1659 2248 1725 esea.
2264 1680 2314 1724 re-

475 1767 595 1851 spicere
623 1762 817 1828 iubebimus:
851 1762 933 1852 παρά
961 1751 996 1826 di
1019 1759 1151 1850 Λοκροῖς
1176 1772 1240 1835 τοῖς
1265 1754 1492 1852 Ἐπιζεφυρίοις,
1522 1767 1618 1838 εἴτις
1644 1761 1775 1847 ἄκρατον
1797 1769 1860 1827 ἔπιε
1888 1765 1929 1853 μή
1954 1753 2184 1852 προστάξαντος
2212 1767 2313 1849 ἰατροῦ

475 1864 631 1955 θεραπείας
653 1863 754 1943 ἕνεκα,
778 1862 905 1939 θάνατος
925 1857 997 1936 ἦνὴ
1020 1856 1129 1952 ζημία,
1153 1861 1310 1927 Ζαλεύκου
1329 1864 1383 1928 τύν
1398 1865 1488 1954 νόμον
1506 1862 1616 1940 θέντος.
1652 1865 1808 1930 Credibile
1831 1868 1926 1948 igitur
1948 1873 2011 1947 est,
2034 1864 2316 1930 Chamaeleontem

474 1969 620 2034 laudasse
642 1966 813 2032 Zaleucum
834 1967 874 2032 ob
896 1965 984 2030 illam
1006 1965 1107 2050 legem
1129 1966 1338 2032 Locrensibus
1361 1966 1480 2050 datam,
1503 1988 1638 2052 eumque
1660 1967 1745 2050 leges
1767 1968 1944 2033 aMinerra
1965 1969 2141 2054 accepisse,
2163 1987 2223 2052 per
2246 1987 2315 2030 eam

475 2071 741 2158 opportunitatem
762 2067 917 2133 docuisse.

624 2170 740 2238 Athen.
762 2171 799 2236 X.
821 2193 852 2256 p.
873 2171 945 2236 430.
962 2191 990 2234 a.
1023 2166 1105 2259 Ἐγὼ
1129 2159 1164 2250 d',
1193 2173 1297 2254 inquit
1317 2171 1532 2253 Democritus,
1559 2173 1623 2236 έπεί
1649 2162 1816 2260 παρεξέβην
1842 2174 1908 2262 περὶ
1935 2181 1996 2236 των
2022 2173 2157 2260 ἀρχαίων
2180 2169 2314 2260 κράσεων

475 2265 701 2364 διαλεγόμενος,
723 2266 955 2362 ἐπαναλήψομαι
975 2271 1029 2336 τύν
1048 2271 1139 2362 λύγον
1153 2271 1194 2335 τά
1215 2273 1273 2336 ύπό
1287 2269 1422 2336 Ἀλκαίου
1443 2281 1499 2337 τοῦ
1522 2277 1684 2358 μελοποιοῦ
1699 2271 1846 2362 λεχθέντα
1868 2275 1916 2338 tat
1930 2283 1997 2338 νοῦν
2013 2273 2220 2362 βαλλόμενος·
2245 2274 2314 2362 φησὶ

474 2377 532 2470 γάρ
553 2399 612 2440 που
635 2369 721 2451 ούτος

1150 2470 1263 2566 Ἔγχεε
1285 2479 1394 2566 κίρναις
1415 2477 1468 2542 ἕνα
1490 2480 1541 2542 καὶ
1564 2467 1628 2541 δύο.

475 2580 526 2646 Ἐν
546 2579 665 2655 τούτοις
685 2578 742 2669 γάρ
764 2600 841 2653 τινες
861 2577 956 2648 αὐτην
977 2587 1080 2666 κρᾶσιν
1102 2581 1215 2642 οίονται
1237 2577 1336 2668 λέγειν
1358 2579 1458 2658 αύτύν,
1481 2580 1563 2643 ἀλλά
1585 2580 1766 2668 σωφρονικὸν
1788 2581 1863 2644 ὄντα
1884 2577 1950 2643 καθ’
1973 2577 2026 2644 ἕνα
2048 2577 2165 2644 κύαθον
2182 2577 2312 2664 ἄκρατον

474 2685 567 2749 πίνειν
588 2684 640 2746 καὶ
661 2680 751 2746 πάλιν
766 2681 847 2746 κατά
869 2670 938 2744 δύο·
960 2688 1054 2743 τοῦτο
1075 2669 1109 2743 δὲ
1130 2685 1146 2744 ὀ
1161 2678 1402 2770 Περιπατητικὸς
1416 2679 1599 2771 Karpathion
1615 2671 1788 2746 ένθέθεκται
1803 2693 1858 2757 τῆς
1871 2679 2006 2746 Ἀλκαίου
2022 2683 2170 2770 φιλοινίας
2187 2681 2313 2769 ἀπείρως

476 2793 566 2875 έχων·
589 2785 670 2848 κατά
691 2784 748 2875 γάρ
770 2793 869 2848 πᾶσαν
891 2785 970 2871 ὥραν
991 2782 1043 2844 καὶ
1063 2784 1233 2871 περίστασιν
1254 2785 1346 2846 πίνων
1368 2786 1385 2846 d
1406 2788 1533 2859 ποιητης
1555 2777 1641 2859 ούτος
1662 2785 1837 2873 εὑρίσκεται.

629 2887 716 2966 Quod
739 2885 780 2952 ad
801 2883 999 2970 probandum
1023 2891 1197 2968 sequuntur
1219 2905 1258 2948 ex
1272 2886 1381 2950 Alcaei
1403 2886 1544 2970 reliquiis
1567 2907 1646 2970 quae
1669 2887 1752 2972 apud
1768 2886 1886 2952 Theod.
1902 2886 2071 2970 Berglrium
2093 2889 2130 2952 iu
2144 2887 2234 2952 Pc‘e't.
2255 2884 2311 2967 lyr.

476 2990 616 3055 numeris
638 2989 688 3053 34.
705 2987 755 3052 38.
771 2985 822 3052 45.
839 2987 889 3052 35.
905 2987 956 3050 00.
971 2985 1014 3050 44
1036 2989 1176 3070 signatae
1199 2993 1284 3069 sunt,
1306 2994 1378 3072 post
1399 3008 1476 3071 quas
1499 2987 1681 3053 Athenaeus
1704 2992 1749 3053 sic
1771 2991 1888 3074 pergit:
1913 2999 1977 3063 πῶς
1999 2981 2051 3052 ούν
2072 2993 2203 3078 ἔμελλεν
2226 2991 2243 3050 d
2266 2987 2313 3050 ίπὶ

476 3083 621 3156 τοσοῦτον
649 3088 812 3178 φιλοπότης
838 3077 980 3174 νηφάλιος
1007 3085 1080 3152 εἶναι
1107 3090 1158 3152 καὶ
1180 3086 1246 3154 καθ’
1270 3089 1322 3153 ἕνα
1343 3091 1395 3154 καί
1417 3079 1470 3153 δύο
1492 3087 1621 3166 κυάθους
1641 3092 1747 3170 πίνεινς
1774 3092 1849 3154 αὺτθ
1873 3100 1946 3181 γοῦν
1967 3090 2004 3154 τύ
2026 3089 2220 3180 ποιημάτιον,
2243 3088 2312 3177 φησί

477 3192 638 3266 Σέλευκος,
661 3194 871 3280 ἀντιμαρτυρεῖ
888 3201 952 3265 τοῖς
974 3189 1069 3266 ούτως
1090 3182 1303 3281 ἐκδεχομένοις.
1326 3214 1355 3256 κ.
1371 3195 1454 3254 λ.-
1475 3192 1583 3258 Alcaei
1605 3193 1702 3257 verba
1722 3198 1808 3282 ἔγχεε
1830 3229 1872 3240 -
1895 3182 1949 3256 δύο
1972 3193 2160 3279 deprompta
2182 3198 2258 3257 suut
2275 3209 2312 3254 ex

477 3295 596 3360 maiore
618 3314 655 3358 ea
676 3292 845 3378 particula,
867 3313 946 3377 quae
968 3292 1052 3378 apud
1074 3293 1132 3359 Th.
1156 3293 1324 3377 Berglrium
1346 3294 1404 3358 sub
1427 3294 1477 3359 41.
1502 3295 1585 3380 apud
1607 3295 1723 3359 Athen.
1738 3295 1774 3358 X.
1798 3315 1828 3379 p.
1844 3294 1916 3360 430.
1934 3317 1960 3360 ο.
1983 3294 2097 3379 legitur
2121 3295 2174 3380 (cl.
2197 3293 2311 3374 Stauge

479 3399 519 3464 de
540 3396 608 3461 Alc.
630 3417 661 3482 p.
687 3396 746 3460 139
770 3393 837 3479 sq.).
881 3396 949 3460 Iam
971 3395 1173 3461 Caecubonus
1196 3394 1406 3477 iudicaverat,
1433 3395 1512 3462 illud
1540 3397 1791 3462 Chamaeleontis
1819 3417 1858 3460 ex
1885 3396 1965 3461 libro
1994 3397 2033 3463 de
2060 3395 2253 3462 temulentia
2273 3393 2310 3457 ab

478 3499 640 3565 Athenaeo
664 3497 883 3584 depromptum
904 3517 983 3562 esee.
1028 3497 1093 3562 Nec
1117 3499 1283 3562 immerito.
1327 3498 1555 3584 Peripateticus
1579 3501 1664 3562 enim
1686 3519 1722 3563 eo
1745 3498 1827 3582 loco,
1849 3499 1905 3563 ubi
1921 3499 2170 3565 moderationem
2186 3505 2219 3564 et
2233 3503 2310 3562 tam-

477 3603 656 3688 parentiam
684 3603 718 3664 in
744 3619 804 3664 usu
830 3599 896 3664 vini
924 3599 1180 3682 commendabat,
1213 3604 1320 3686 poetas
1347 3606 1445 3665 testes
1473 3603 1639 3683 citaverat,
1673 3621 1767 3685 quam
1794 3621 1852 3686 per
1878 3602 2076 3667 occasionem
2097 3603 2255 3666 Alcaeum
2276 3617 2310 3660 eo

478 3704 571 3770 modo
592 3707 816 3788 interpretetus
838 3708 923 3784 eret,
945 3721 1006 3786 quo
1028 3723 1092 3766 non
1114 3702 1265 3783 debebat,
1287 3703 1419 3786 eiusque
1441 3705 1474 3767 in
1498 3703 1640 3768 versibus
1655 3703 1839 3768 enarrandis
1856 3703 2099 3788 explicationem
2113 3703 2311 3778 adhibuerat,

480 3827 543 3890 qua
563 3807 736 3871 orationem
757 3806 860 3890 potius
882 3803 1050 3868 obscurare
1073 3811 1106 3868 et
1127 3804 1304 3890 sophisticis
1327 3825 1406 3889 quas
1427 3813 1541 3870 vocant
1562 3807 1691 3888 argutiis
1714 3806 1818 3870 velare
1840 3805 1951 3887 vallet,
1981 3827 2076 3890 quam
2098 3807 2260 3872 illustrare
2282 3805 2312 3864 et

481 3909 638 3995 expedire.
682 3906 873 3992 Simplicitas
896 3908 981 3971 euim
1001 3909 1254 3991 interpretationi
1276 3906 1375 3972 deest.

631 4010 746 4075 Athen.
769 4009 805 4074 X.
828 4030 858 4094 p.
881 4009 942 4073 427
967 4008 996 4074 b.
1021 4004 1205 4097 Χαμαιλέων
1228 4017 1300 4100 γοῦν
1323 4013 1340 4072 d
1362 4006 1573 4097 Ἡρακλεύντης
1594 4011 1693 4091 ἐντῷ
1714 4011 1780 4098 περὶ
1803 4007 1895 4098 μέθης
1915 4011 1982 4099 περὶ
2002 4009 2118 4074 τούτων
2149 4010 2222 4094 (τῶν
2244 4003 2311 4070 Λα·

481 4102 694 4203 κεθαιμονίων)
717 4110 812 4186 ούτως
837 4109 959 4200 γράφει·
990 4107 1073 4174 Ἐπεὶ
1096 4111 1147 4174 καί
1169 4108 1329 4198 Κλεομένη
1350 4111 1404 4174 τύν
1426 4109 1621 4199 Σπαρτιάτην
1643 4113 1731 4200 φασὶν
1753 4115 1781 4174 οἱ
1802 4109 1950 4187 Λάκωνες
1973 4121 2100 4200 μανῆναι
2117 4101 2169 4176 dael
2184 4110 2220 4174 τύ
2235 4103 2310 4170 Σκύ-

482 4213 545 4289 θαις
566 4217 753 4304 ὁμιλήσαντα
774 4210 881 4302 μαθεῖν
904 4215 1134 4301 ἀκρατοποτεῖν·
1157 4209 1225 4276 ὅθεν
1247 4212 1320 4276 ὅταν
1342 4212 1509 4296 βούλωνται
1530 4223 1606 4277 πιεῖν
1629 4211 1846 4302 ἀκρατέστερον
1870 4211 2106 4294 ,έπισκύθισον“
2130 4213 2279 4304 λύγουσιν.

633 4314 840 4381 Chamaeleon
870 4317 1087 4380 auctoritatem
1124 4321 1156 4380 et
1183 4313 1280 4380 verba
1308 4316 1458 4380 Herodoti
1486 4316 1544 4398 Vl,
1572 4314 1622 4380 84.
1650 4320 1778 4380 secutus
1806 4321 1869 4398 eet,
1904 4319 1958 4400 qui
1991 4316 2029 4381 de
2055 4309 2309 4381 Lacedaemoniis

482 4419 572 4484 έπεάν
593 4411 755 4507 ζωρότερον
778 4416 945 4500 βούλωνται
965 4415 1057 4480 πιέειν
1084 4415 1311 4498 ,,ἑπισκύθισσν“
1340 4415 1461 4508 λέγουσι
1489 4423 1641 4482 narraret.
1684 4417 1827 4482 Eundem
1855 4417 1938 4482 huno
1965 4418 2068 4484 locum
2096 4419 2225 4506 repetiit
2248 4412 2309 4478 Eu·

482 4522 617 4587 siathius
638 4541 708 4607 pag.
734 4519 824 4585 1398.
847 4519 876 4585 b.
900 4518 940 4584 ad
963 4518 1074 4603 Odyss.
1098 4542 1127 4582 α.
1151 4520 1220 4584 110.

632 4623 747 4689 Athen.
776 4622 828 4688 XI.
857 4642 886 4708 p.
910 4621 982 4687 461.
1006 4642 1105 4688 a—c.
1134 4612 1216 4696 ἀξιον
1244 4610 1278 4684 δέ
1304 4623 1367 4685 ἐστι
1394 4612 1522 4697 larteso
1549 4625 1574 4684 εί
1601 4625 1630 4684 σί
1657 4623 1774 4710 ἀρχαῖοι
1801 4620 1944 4712 μεγάλοις
1970 4627 2067 4686 έπινον
2088 4621 2247 4710 ποτηρίοις.
2269 4649 2309 4664 -

424 4677 432 4692 ⁶
481 4723 666 4815 Χαμαιλέων
689 4713 723 4788 δέ
745 4728 762 4788 d
784 4721 994 4812 Ἡρακλεώτης
1016 4723 1047 4787 ἐν
1068 4732 1113 4805 τῷ
1134 4725 1199 4812 περὶ
1222 4721 1328 4810 μέθης,
1357 4725 1384 4786 εί
1404 4744 1440 4812 γε
1461 4732 1517 4798 τῆς
1538 4733 1636 4811 φωνῆς
1665 4723 1854 4812 μνημονεύω,
1884 4725 1983 4813 φησίν·
2012 4723 2051 4788 Ei
2074 4713 2108 4788 di
2129 4728 2157 4788 οἱ
2178 4731 2243 4792 ταῖς
2263 4707 2308 4788 ἐξ·

482 4829 593 4901 ουσίαις
614 4827 759 4916 χρώμενοι
781 4827 899 4907 καὶτῷ
920 4829 1060 4888 πλουτεῖν
1082 4835 1248 4914 προτιμῶσι
1269 4826 1326 4896 τήν
1348 4821 1442 4914 μέθην
1463 4827 1593 4906 ταύτην,
1616 4814 1703 4888 οὐδὲν
1726 4823 1912 4915 θαυμαστόν·
1945 4829 2000 4890 ούκ
2027 4833 2146 4916 ἔχοντες
2166 4823 2224 4915 γάρ
2246 4815 2308 4883 ἑτέ-

483 4953 536 5020 ραν
561 4917 673 5001 aldovin
698 4928 812 5004 ταύτης
837 4928 953 4991 καλλίω
981 4916 1052 4990 οὐδὲ
1079 4931 1195 5016 μᾶλλον
1223 4931 1330 5016 εὐχερῆ
1356 4926 1595 5014 καταφεύγουσιν
1624 4927 1747 5003 εἰκότως
1773 4930 1821 4992 sau
1849 4929 1902 4992 τὸν
1925 4925 2015 4992 οἶνον·
2049 4916 2308 4998 &estiennot

483 5029 605 5122 μεγάλα
624 5040 686 5094 τῶν
708 5027 897 5120 ἐκπωμάτων
919 5029 1061 5118 ἐπιχώρια
1082 5028 1190 5120 χέχονε
1210 5040 1273 5104 τοῖς
1296 5017 1467 5103 δυνάσταις·
1490 5017 1561 5091 cabi
1582 5027 1640 5120 γάρ
1662 5030 1791 5093 παλαιὰν
1813 5018 1884 5093 οὐδὲ
1904 5030 1998 5094 τοῦτύ
2019 5029 2055 5121 γε’
2077 5031 2140 5094 έστι
2156 5025 2236 5116 παρά
2249 5029 2307 5091 τοῖς

482 5129 644 5216 Ἕλλησιν,
667 5133 749 5198 ἀλλά
770 5132 876 5196 νεωστὶ
898 5129 1017 5222 εὑρέθη,
1039 5129 1175 5221 πεμφθὲν
1197 5133 1231 5196 ὲκ
1246 5141 1308 5196 τῶν
1323 5129 1491 5220 βαρβάρων·
1513 5134 1620 5195 ίκεῖνοι
1639 5131 1698 5222 γάρ
1714 5131 1946 5220 ἀπεστερημένοι
1960 5141 2014 5207 τῆς
2035 5121 2170 5207 παιθείας
2184 5133 2306 5217 ὁρμῶσιν
