4866 6178
998 332 1210 396 ..35-

325 519 434 604 Neqne
462 519 495 584 id
522 519 753 603 neglegendum
773 504 914 601 ridetur,
941 519 1075 585 verbum
1100 516 1218 608 pedico
1240 519 1324 604 apud
1345 520 1480 585 Graecos
1503 541 1576 584 cunr
1597 520 1801 586 translatione
1819 519 1930 606 talique
1952 521 2008 586 ad·

155 620 294 705 hiberi,
315 624 361 687 ita
381 628 418 686 ut
439 621 522 686 sicut
543 622 628 706 apud
650 627 806 686 nostrates
828 621 966 686 trunlren
989 626 1021 686 et
1041 621 1125 706 apud
1149 625 1255 706 politas
1278 629 1310 686 et
1332 623 1513 687 recentioris
1536 625 1648 688 aetatis
1665 625 1834 709 scriptores
1849 625 2007 690 Romanos

158 723 299 807 ebrius,
325 727 370 789 sic
400 724 505 789 divino
528 724 641 809 spiritu
663 723 807 788 inflatum
833 743 901 789 esse
923 723 1087 806 significet.
1122 723 1167 789 Cl.
1189 723 1331 807 Xenoph.
1354 723 1461 809 Symp.
1483 723 1518 807 8,
1540 723 1589 789 21.
1613 724 1685 809 Lys.
1708 745 1777 811 pag.
1794 725 1865 790 222.
1883 747 1909 790 c.
1932 726 2007 791 Phi-

154 825 262 892 lostr.
276 827 340 891 vit.
356 825 450 912 Soph.
465 826 595 909 Dionys.
614 827 641 890 l.
664 845 735 910 pag,
751 823 823 890 523.
846 825 942 910 Kays.
958 824 1087 891 Lucian.
1101 825 1188 908 Nigr.
1205 825 1233 890 5.
1251 826 1280 889 6.
1304 824 1389 890 alibi.
1411 826 1521 911 ltaque
1555 827 1702 911 ambigue
1723 827 1778 892 illa
1798 830 1885 892 uocis
1908 829 2007 912 signi·

154 927 279 994 ficatio
296 936 329 992 et
342 928 491 1012 Aeschyli
506 929 592 994 furor
609 927 779 994 bacchicus
795 927 1070 992 Chamaeleontem
1085 927 1210 1012 decepit
1226 929 1281 1009 ita,
1302 933 1339 992 ut
1353 926 1527 1012 scriptoris,
1550 949 1590 993 ex
1603 949 1664 1013 quo
1679 929 1796 1011 hausit,
1818 933 2009 996 sententiam

154 1051 302 1116 prorsus
324 1051 387 1096 non
409 1030 606 1114 intellegeret
627 1036 659 1094 at
680 1049 827 1116 perverse
849 1032 1119 1116 interpretaretur;
1146 1031 1215 1094 eius
1237 1031 1332 1113 igitur
1353 1031 1491 1095 narratio
1513 1029 1553 1094 iis
1576 1036 1625 1094 est
1646 1031 1859 1114 accensenda,
1881 1039 2008 1118 propter

157 1152 254 1216 quas
274 1132 429 1198 busacius
457 1135 490 1196 in
517 1132 617 1196 altere
637 1131 823 1196 Lectionum
845 1132 1023 1198 Atticarum
1050 1137 1139 1216 parte
1170 1133 1236 1196 iure
1259 1131 1477 1217 Peripateticis
1504 1132 1537 1198 id
1568 1135 1692 1199 crimini
1719 1133 1845 1199 dedisse
1874 1133 2008 1216 videtur,

158 1234 258 1318 quod
288 1235 436 1300 adversos
463 1241 621 1299 venantur
647 1253 788 1298 mmores
815 1241 848 1298 et
877 1235 911 1299 in
944 1234 1101 1320 probrosis
1130 1233 1313 1318 colligendis
1346 1234 1579 1300 narrationibus
1609 1237 1706 1301 nimio
1733 1235 1865 1320 flagrant
1892 1235 2006 1303 studio.

155 1336 286 1402 Mirum
314 1337 452 1422 prolecto
480 1342 543 1418 est,
572 1335 825 1400 Chamaeleontis
848 1336 887 1401 de
909 1335 1064 1419 Aeschylo
1087 1337 1204 1400 iudicio
1227 1336 1361 1400 alterum
1385 1337 1480 1401 etiam
1500 1336 1745 1422 Peripateticum
1768 1346 1874 1403 extare
1899 1344 2007 1404 aucto-

156 1459 256 1522 rem,
285 1439 525 1520 Callisthenem‚
552 1436 731 1502 Aristotelis
759 1438 984 1524 propinquum,
1012 1438 1051 1503 de
1078 1459 1138 1523 quo
1160 1438 1320 1502 Lucienus
1342 1438 1376 1502 in
1397 1437 1494 1503 Laud.
1519 1437 1679 1504 Demosth.
1704 1439 1758 1503 15:
1791 1437 1842 1504 Ού
1864 1440 1940 1530 γὰρ,
1968 1445 2008 1514 ὡς

155 1540 223 1604 τὸν
246 1540 395 1629 Αἰσχύλον
417 1543 434 1603 ὁ
455 1536 661 1614 Καλλισθένης
691 1545 748 1628 ἔφη
769 1562 843 1620 που,
871 1539 971 1628 νύφων
991 1541 1047 1615 τοὶς
1067 1527 1237 1630 τραγῳθίας
1259 1541 1289 1604 ὲν
1312 1543 1380 1621 οίνῳ
1402 1542 1535 1632 γράφειν,
1559 1531 1732 1630 ἑξορμῶντα
1753 1542 1804 1604 καὶ
1827 1539 2006 1630 ἀναθερμαί-

155 1666 264 1708 νοντα
277 1643 333 1714 τὴν
345 1637 451 1730 ψυχήν,
466 1645 525 1728 οὐχ
537 1641 630 1716 ούτως
646 1638 867 1730 ύΔημοσθένης
882 1639 1025 1704 συνετίθει
1039 1645 1110 1730 πρὸς
1125 1639 1218 1730 μέθην
1233 1643 1303 1716 τοὺς
1316 1642 1424 1731 λύγοος
1439 1639 1506 1704 ἀλλ’
1521 1631 1599 1731 ὕδωρ
1614 1643 1713 1730 πίνων.
1738 1644 1823 1722 Quae
1839 1643 2006 1709 Callisthe-

155 1767 229 1811 nes
253 1745 370 1824 doouit,
392 1743 502 1808 eedem
524 1746 558 1808 in
571 1743 733 1809 Plutarchi
749 1743 844 1807 verba
866 1765 892 1808 s.
905 1742 924 1806 l.
946 1744 1110 1808 transiisse
1126 1751 1252 1829 propter
1267 1743 1507 1810 similitudinem
1522 1745 1746 1810 vocabulorum
1762 1734 1813 1810 θια
1828 1751 1916 1810 —ot
1932 1749 2005 1810 ἀνα-

156 1843 382 1936 θερμαίνεσθαι
405 1847 534 1911 conicrb.
568 1845 630 1910 Sed
653 1851 760 1910 tamen
781 1845 990 1912 Callisthenes
1006 1845 1246 1912 Chamaeleonte
1269 1849 1302 1911 in
1324 1845 1479 1911 narrando
1501 1846 1690 1912 moderatior
1704 1853 1761 1912 ost.
1796 1847 1858 1913 Sed
1880 1853 1917 1912 ut
1938 1848 2006 1912 lieri

160 1949 258 2015 solet
283 1950 366 2013 inter
387 1948 545 2029 homines,
572 1948 719 2033 qnodque
741 1947 896 2014 Luuacius
919 1969 1028 2013 verum
1056 1969 1124 2012 esse
1152 1949 1259 2014 multis
1288 1949 1432 2034 probavit
1461 1948 1628 2035 exemplis:
1661 1953 1798 2014 narratio
1827 1971 1923 2036 quum
1950 1971 2006 2036 per

158 2051 340 2117 hominum
361 2071 414 2116 ora
435 2052 606 2135 percurrit,
634 2055 765 2138 augetur
787 2050 952 2136 paullatim
974 2058 1007 2114 et
1027 2050 1238 2136 amplificatur
1259 2051 1352 2130 adeo,
1381 2057 1416 2114 ut
1438 2072 1518 2134 quae
1539 2053 1624 2136 prior
1646 2054 1714 2116 eius
1737 2052 1831 2117 luerit
1852 2053 1952 2117 forma
1974 2057 2007 2117 et

159 2156 331 2220 sententia
352 2159 463 2238 postea
476 2155 531 2216 vix
551 2155 653 2238 possit
675 2153 822 2218 discerni.
857 2152 946 2231 Quod
968 2155 996 2216 si
1015 2160 1197 2218 uerum'est
1219 2173 1314 2238 quum
1336 2155 1369 2217 in
1393 2155 1539 2218 universo
1561 2159 1629 2218 tum
1651 2155 1685 2217 in
1707 2153 1857 2238 singulari
1879 2153 1938 2218 hec
1961 2173 2005 2235 re,

160 2254 399 2320 Callisthenem
425 2257 535 2340 opinor
557 2261 590 2319 et
610 2255 789 2320 narratione
812 2261 844 2318 et
865 2261 967 2320 aetate
990 2255 1140 2340 praeiisse
1164 2255 1414 2336 Chamaeleonti,
1441 2276 1544 2339 neque
1567 2255 1770 2340 oppugnabo,
1798 2259 1825 2320 si
1847 2257 1902 2340 qui
1924 2255 2005 2321 Cha·

158 2357 382 2424 maeleontem
397 2356 588 2423 Callisthene
610 2359 764 2421 minorem
785 2377 887 2441 neque
910 2357 1088 2422 Aristotelis
1110 2359 1210 2443 ipsius
1232 2357 1406 2423 auditorem
1428 2358 1525 2422 fuisse
1547 2365 1632 2422 recte
1654 2357 1727 2422 iude
1751 2359 1921 2423 coniecisse
1944 2357 2005 2422 sibi

160 2461 351 2526 videantur.
1640 2523 1647 2532 ,

326 2563 411 2640 Quae
439 2564 546 2626 omnia
571 2563 598 2626 si
624 2568 770 2626 accurate
799 2560 1003 2647 perpenderis
1030 2568 1122 2646 atque
1149 2567 1292 2626 veterum
1318 2561 1482 2647 opiniones
1510 2561 1549 2626 de
1577 2569 1691 2627 natura
1716 2567 1878 2648 peritarum
1907 2568 1939 2627 at
1966 2562 2004 2628 de

159 2665 291 2731 Bacchi
312 2666 443 2749 eiusque
466 2663 571 2728 cultus
591 2665 625 2727 vi
646 2665 679 2728 in
702 2663 863 2728 hominnm
885 2671 1008 2728 mentes
1031 2663 1234 2747 cogitaveris,
1261 2663 1307 2728 nil
1329 2667 1443 2730 mirum
1465 2663 1639 2745 videbitur,
1664 2663 1857 2747 Aeschylum
1882 2666 2004 2731 ebrium

160 2766 296 2832 fabulas
323 2767 503 2832 condidisse
531 2765 712 2850 posterioris
739 2767 852 2831 aetatis
879 2769 1064 2852 scriptores,
1090 2765 1242 2832 vocabulo
1271 2763 1388 2854 μεθύων
1409 2766 1577 2851 perductos
1605 2787 1766 2844 narrasse3
1796 2766 1879 2852 quod
1901 2787 1941 2832 ne
1964 2766 2003 2832 de

161 2868 329 2953 Aeschylo
358 2869 485 2952 quidem
515 2866 579 2932 solo
607 2869 781 2949 finxemnt,
808 2867 923 2934 Alcaeo
950 2871 1034 2932 enim
1057 2873 1089 2933 et
1110 2867 1315 2958 Aristophani
1336 2867 1446 2933 eedem
1467 2869 1574 2932 inusta
1595 2875 1644 2934 est
1665 2873 1755 2946 nota;
1783 2868 1839 2933 sed
1861 2869 1895 2933 in
1915 2871 2003 2934 Ana·

163 2977 299 3036 creonte
321 2953 473 3054 liquidius
496 2969 623 3035 fluxisse
646 2971 897 3036 narratiunculas
921 2970 1087 3036 credamus
1101 2977 1231 3056 oportet.
1263 2971 1412 3048 Quamvis
1428 2972 1511 3034 eninr
1528 2969 1580 3034 ille
1594 2979 1694 3034 πᾶσαν
1709 2975 1801 3034 αὐτοῦ
1818 2971 1873 3041 τήν
1887 2973 2004 3042 ποίησιν

163 3065 339 3162 ἐξαρτήσας
361 3069 452 3162 μέθης
475 3079 574 3154 esset,
597 3071 781 3137 Athenaeus
799 3081 906 3137 tamen
924 3073 967 3149 X,
986 3095 1016 3158 p.
1032 3073 1105 3138 429.
1115 3072 1145 3137 h.
1159 3072 1325 3158 plerosque
1339 3075 1385 3136 ait
1398 3075 1518 3137 nescire
1534 3071 1581 3135 ὅτι
1595 3072 1696 3160 νήφων
1710 3080 1741 3136 εν
1755 3082 1800 3154 τῷ
1815 3071 1937 3162 γράφειν
1953 3075 2004 3138 καὶ

162 3173 287 3266 ἀγαθὸς
308 3171 350 3238 ὣν
370 3177 576 3264 τρσσποιεῖται
599 3171 716 3262 μεθύειν
738 3177 794 3238 cia
815 3174 904 3249 οὔσης
925 3173 1073 3265 ἀνάγκης,
1096 3177 1173 3259 quin
1195 3177 1301 3260 ipsum
1324 3173 1438 3238 ἄποτον
1460 3178 1565 3254 vocet,
1588 3174 1615 3238 si
1631 3173 1748 3240 Theod.
1769 3173 1902 3259 Berglrio
1925 3177 2003 3240 fides

162 3283 233 3359 est,
259 3279 313 3361 qui
334 3279 367 3341 in
382 3280 496 3341 Anacr.
513 3298 542 3361 p.
562 3275 600 3341 18
623 3274 735 3351 ἄτοπος
749 3275 938 3341 vocabulum
959 3279 1004 3342 ita
1025 3277 1213 3342 emendavit.
1249 3276 1337 3356 Quod
1358 3281 1462 3341 autem
1479 3279 1512 3339 in
1527 3275 1682 3358 Aeschylo
1698 3277 1856 3342 linxerunt
1870 3285 2003 3360 veteres,

161 3379 258 3444 idem
278 3399 336 3444 nos
358 3379 386 3442 si
407 3379 546 3463 placeret
567 3380 709 3443 invenire
732 3399 896 3464 possemus
918 3399 958 3442 ex
972 3378 1086 3444 Athen.
1102 3379 1182 3444 XIV.
1205 3401 1235 3464 p.
1253 3378 1401 3445 6⁵28.e.h.
1424 3380 1457 3443 in
1472 3377 1657 3443 Archilocho
1680 3377 1731 3443 vel
1752 3381 1784 3442 in
1805 3379 2001 3464 Epicharmo.

324 3480 550 3562 Chamaeleon,
572 3480 776 3564 quoniamvin
798 3480 1011 3566 superioribus
1034 3481 1175 3565 reliquiis
1190 3480 1382 3565 Aeschylum
1396 3483 1470 3546 vino
1492 3479 1634 3545 deditum
1652 3481 1749 3544 luisse
1766 3481 2002 3564 demonstravit,

162 3587 199 3649 in
214 3583 285 3648 vita
306 3585 391 3665 eius,
412 3603 508 3666 quam
529 3603 569 3646 ex
591 3581 782 3647 carminibus
804 3587 913 3668 poitae
937 3603 1082 3648 enarrare
1102 3583 1257 3663 studeret,
1280 3583 1382 3648 tribus
1397 3581 1605 3667 sequentibus
1621 3582 1800 3648 fabularum
1817 3585 2001 3667 fragmentis

162 3683 364 3768 Aeschylum
391 3705 485 3749 carue
508 3685 581 3751 suili
603 3685 812 3751 libentissime
834 3687 921 3750 vesci
943 3683 1061 3768 solere,
1091 3688 1273 3771 exposuisse
1295 3686 1429 3750 videtur.
1478 3683 1639 3750 llabemus
1668 3687 1753 3749 enim
1780 3684 1864 3770 apud
1885 3685 2000 3752 Athen.

162 3787 219 3853 IX.
245 3811 277 3874 p.
292 3786 364 3852 375.
380 3787 418 3853 f.:
445 3785 591 3875 Αἰσχύλος
614 3776 648 3851 di
670 3808 757 3876 φησιν
2051 3791 2102 3859 23.

731 3887 812 3981 Ἐγὼ
835 3879 869 3955 δὲ
890 3901 989 3980 χοῖρον
1010 3891 1061 3955 καί
1083 3889 1153 3979 μάλ’
1176 3887 1393 3978 εὐθηλούμενον

729 3993 782 4056 τύν
806 3981 876 4058 θ”ίν
898 3990 1032 4083 ρ’σθούντι
1054 3991 1182 4082 κριβάνῳ
1205 3990 1300 4063 θύσω·
1321 3992 1351 4056 τί
1372 3991 1430 4082 γσὶρ

731 4089 804 4180 ὄψον
825 4093 934 4185 γένοιτ’
956 4091 992 4158 ἂν
1014 4083 1098 4182 ἀνδρὶ
1118 4083 1210 4158 τοῦδε
1232 4093 1386 4182 βίλτερονς

164 4198 218 4260 καί
243 4195 335 4259 πάλιν

729 4296 865 4380 Asuada,
887 4300 918 4362 τί
941 4288 966 4362 θ’
983 4300 1063 4388 σύχί;
1085 4301 1136 4362 καί
1158 4301 1258 4374 καλῶς
1279 4295 1443 4386 ἠφευμένος

731 4403 748 4463 ὁ
770 4411 880 4490 χοῖρος·
902 4396 992 4486 ἕψου,
1015 4393 1094 4490 μηδὲ
1115 4398 1250 4486 λοπύθῃς
1270 4399 1347 4489 πυρί.

166 4503 219 4567 καὶ
244 4507 288 4566 ἔτι

729 4601 833 4680 Θύσας
856 4598 890 4668 δὲ
911 4615 1009 4694 χοῖρον
1030 4592 1119 4668 adada
1141 4615 1195 4680 τῆς
1217 4607 1309 4684 αι’ντῆς
1331 4603 1390 4682 ὑός,

731 4711 751 4778 ἢ
773 4706 875 4770 πολλά
896 4706 926 4797 μ’
943 4708 974 4770 ίν
997 4695 1129 4796 θύμοισιν
1151 4710 1305 4796 εῐργασται
1327 4705 1419 4786 κακά,

729 4797 859 4873 δονοῦσα
879 4810 930 4872 καὶ
950 4807 1101 4898 τρέπουσα
1122 4807 1201 4898 τύρβ’
1224 4806 1286 4872 σίνω
1308 4807 1402 4872 κάτω.

169 4918 270 4975 ταῦτα
292 4899 326 4976 δὲ
347 4907 494 5000 παρέθετο
517 4907 701 4999 Χαμαιλέων
724 4912 755 4974 ίν
776 4919 821 4994 τῷ
843 4913 908 5000 περὶ
930 4909 1089 4997 Αἰσχύλου.

322 5013 500 5098 Reliquiae,
522 5033 620 5098 quum
635 5012 715 5077 nihil
728 5014 906 5097 tragoediae
922 5013 1072 5097 gravitate
1089 5011 1174 5096 digni
1191 5015 1223 5076 in
1240 5033 1273 5076 se
1289 5011 1441 5094 habeant,
1463 5033 1502 5077 ex
1517 5011 1661 5097 Satyrica
1676 5013 1782 5078 labala
1798 5012 1997 5101 depromptas

172 5133 241 5180 esee
263 5115 407 5197 arbitror,
429 5116 519 5181 uelut
539 5137 578 5180 ex
600 5116 688 5182 Circe
711 5115 760 5181 vel
783 5137 821 5180 ex
844 5115 1030 5200 Corycibus,
1051 5116 1085 5180 in
1109 5115 1223 5199 quibus
1245 5113 1373 5179 Cumaei
1396 5121 1500 5200 partes
1523 5116 1620 5181 luisse
1643 5116 1813 5181 verisimile
1836 5122 1892 5182 est.
1936 5117 1997 5182 Le·

1759 5232 1794 5287 5.
