4866 6178
1264 400 1477 465 ..3ο-

451 611 523 676 que,
546 610 643 674 qnam
664 590 698 653 in
713 590 845 654 Graecia
867 607 990 672 quoqne
1005 587 1123 654 Bacchi
1145 585 1248 652 cultas
1271 587 1467 670 cognationis
1490 586 1611 672 aliquid
1625 585 1756 652 haberet
1770 607 1843 654 cum
1857 587 1995 654 Deorum
2009 585 2113 668 calta,
2134 590 2191 672 qai
2206 588 2288 674 apud

449 694 585 758 Asianos
599 693 706 772 luerit,
721 691 814 756 huius
825 709 929 756 mores
940 690 1089 755 facillime
1098 692 1134 754 in
1148 689 1202 754 illo
1217 689 1463 775 recipiebantur,
1477 690 1561 755 ande
1573 690 1754 756 factumest
1767 689 1949 756 atetlones
1962 711 2034 756 carn
2046 691 2080 756 in
2094 689 2209 756 insulis
2220 697 2288 755 tum

449 798 484 860 iu
506 793 680 861 continenti
703 799 735 858 et
749 793 846 858 Do'rea
868 795 903 858 in
917 792 1029 858 Isthmi
1045 793 1239 874 civitatibus,
1261 791 1421 874 Corinthi,
1442 793 1587 876 Sicyone,
1608 790 1758 857 Phliunte
1773 791 1932 860 Bacchum
1955 791 2152 858 celebrarent
2166 812 2289 858 summa

429 893 434 900 ’
450 917 524 962 cam
538 896 684 977 lascivia,
705 915 799 979 qnam
815 896 999 960 effrenatam
1014 895 1291 980 intemperantiam
1313 913 1409 981 prope
1425 893 1593 974 dixissem,
1614 893 1678 960 nisi
1692 893 1728 959 in
1742 893 2007 980 extemporalibas
2021 893 2085 960 illis
2101 893 2184 960 ludis
2199 897 2289 978 qnasi

450 1018 558 1063 semen
570 997 695 1081 aliquod
708 997 829 1062 altioris
841 997 925 1062 floris
938 1003 969 1062 et
981 999 1058 1062 artis
1074 997 1207 1062 alieuius
1220 995 1383 1061 conditum
1398 998 1557 1062 iacuisset.
1581 996 1784 1062 Canebsntur
1795 997 1880 1062 enim
1892 999 2043 1076 carmina,
2056 996 2153 1080 idque
2165 1017 2187 1062 a
2198 995 2288 1062 choro

448 1100 636 1166 temulenter
651 1120 706 1184 per
721 1099 811 1165 urbis
825 1102 894 1164 vias
908 1105 1058 1184 vagante,
1079 1119 1156 1164 nam
1178 1101 1234 1162 οὐκ
1252 1103 1332 1162 ἔστιν
1347 1088 1528 1187 διθύραμβος
1549 1095 1612 1186 ὅκχ’
1626 1087 1707 1186 ὕδωρ
1728 1099 1813 1182 πίῃς,
1836 1097 1893 1163 sed
1909 1099 2063 1164 tamenin
2079 1105 2175 1164 canta
2190 1101 2288 1163 musis

448 1203 543 1268 datus
566 1207 634 1268 erat
654 1201 758 1284 locas,
780 1202 836 1267 ubi
851 1203 997 1267 insistere
1012 1207 1151 1288 possent
1185 1202 1283 1266 Arion
1298 1202 1395 1283 igitur
1409 1199 1551 1266 Corinthi
1564 1200 1682 1266 lasciva
1697 1199 1745 1264 illi
1760 1199 1834 1266 lado
1850 1207 1950 1266 artem
1968 1199 2106 1283 eddidit,
2128 1201 2189 1266 luit
2204 1201 2257 1266 ille
2272 1204 2288 1264 t

448 1305 570 1394 εὑρετὴς
584 1299 640 1368 τοῦ
654 1313 799 1394 τραγικοῦ
815 1304 927 1392 ’τρόπου
943 1304 1058 1388 (Sahal.
1076 1304 1116 1370 ed
1130 1303 1210 1369 Plat.
1227 1302 1266 1368 de
1282 1303 1359 1388 Rep.
1374 1323 1405 1388 p.
1422 1301 1507 1386 394).
1536 1302 1619 1381 Quid
1634 1299 1886 1386 igiturinvenitl
1910 1306 1926 1366 t
1942 1301 2082 1392 τραγικὸς
2096 1303 2207 1390 τρόπος
2221 1303 2288 1369 eias

448 1409 477 1471 is
493 1414 562 1472 erat
576 1414 613 1471 ut
626 1405 791 1490 mobilem,
814 1407 868 1490 qni
882 1427 983 1490 usque
998 1413 1067 1472 tam
1082 1408 1197 1487 inerat,
1219 1405 1351 1470 choram
1365 1407 1399 1470 in
1414 1405 1570 1487 cyclicum
1585 1411 1793 1486 converteret,
1814 1404 1922 1487 idest,
1937 1411 1975 1470 ιιι
1987 1410 2139 1490 vagantes
2154 1411 2243 1470 certa
2255 1406 2288 1470 in

448 1510 563 1576 choree
579 1509 751 1574 consistere
765 1508 874 1592 ibique
888 1530 945 1594 per
961 1509 1106 1594 strophas
1122 1514 1154 1574 et
1168 1506 1396 1592 antistrophee,
1419 1527 1498 1590 qaas
1514 1508 1626 1572 Graeci
1640 1507 1766 1589 dicant,
1787 1505 1902 1572 saltare
1918 1505 2062 1588 doceret,
2083 1513 2153 1574 tuna
2168 1513 2206 1574 ut
2221 1528 2287 1572 car·

447 1613 600 1693 minibus,
622 1631 702 1694 qaae
726 1632 765 1674 ex
785 1616 927 1697 tempore
943 1631 1043 1695 nsque
1058 1632 1094 1676 eo
1111 1613 1302 1676 cecinissent
1317 1616 1349 1672 et
1363 1608 1530 1674 chorentae
1545 1618 1593 1692 et,
1614 1611 1668 1694 qui
1683 1609 1867 1696 praeibant,
1889 1609 2002 1691 duces,
2023 1611 2126 1674 varios
2141 1630 2287 1674 numeros

444 1714 622 1797 modosque
645 1713 813 1778 adornaret
834 1721 867 1778 et
889 1719 975 1778 certa
996 1715 1156 1778 subiceret
1178 1717 1378 1795 argumenta,
1399 1717 1573 1796 postremo,
1595 1719 1647 1794 ut,
1670 1714 1702 1776 in
1717 1711 1834 1777 Bacchi
1856 1711 2005 1776 honorem
2028 1712 2125 1778 iestos
2148 1711 2218 1778 dies
2240 1713 2288 1794 agi

447 1816 532 1882 head
555 1814 689 1896 oblitus,
712 1817 804 1898 quasi
827 1817 957 1880 comites
978 1813 1052 1898 Dei,
1074 1821 1235 1898 testesque
1258 1815 1431 1879 facinorum
1451 1815 1486 1878 in
1508 1813 1639 1878 introitu
1661 1803 1793 1898 (eicoblrp
1815 1813 1932 1880 hierius
1947 1815 2063 1880 Victor.
2079 1815 2125 1896 ll,
2144 1812 2196 1896 ll)
2218 1833 2287 1900 per-

448 1925 575 1984 sonatos
599 1917 728 2000 Satyros
755 1917 958 2003 produceret,
986 1919 1041 2000 qni
1066 1937 1236 1982 numerose
1257 1919 1396 1981 oratione
1419 1937 1459 1980 ex
1480 1916 1596 1981 Bacchi
1621 1916 1738 1982 sabulis
1760 1937 1858 1980 unam
1878 1915 2049 1982 alteramve
2072 1913 2290 1982 describerent

449 2027 482 2086 et
503 2020 644 2104 gestibus
660 2019 814 2104 vultuque
836 2021 1059 2104 exprimerent.
1093 2019 1142 2084 Ita
1163 2019 1204 2084 ab
1220 2019 1337 2084 Arione
1360 2019 1492 2101 chamas,
1515 2021 1570 2102 qui
1591 2039 1691 2104 usqae
1713 2027 1783 2084 tam
1803 2039 1867 2083 non
1888 2019 1953 2084 nisi
1975 2019 2074 2084 saeris
2096 2018 2285 2103 quibusdem

448 2123 592 2188 formulis
613 2143 692 2186 usas
715 2121 833 2203 lueret,
855 2127 922 2186 arte
945 2121 1052 2206 aliqua
1069 2141 1182 2186 canere
1197 2128 1230 2186 et
1244 2121 1357 2186 saltare
1374 2121 1485 2186 doctus
1500 2127 1565 2202 est,
1587 2127 1620 2185 et
1636 2121 1863 2207 extemporalia
1878 2123 2036 2204 carmine,
2058 2122 2176 2205 quibas
2192 2121 2287 2188 duces

449 2230 476 2289 ot
497 2216 686 2314 ἐξάρχοντες,
716 2223 803 2289 chori
829 2225 950 2288 animos
978 2223 1178 2289 inflecterent
1199 2229 1233 2288 et
1253 2231 1504 2306 commoverent,
1531 2225 1566 2288 in
1588 2245 1789 2290 numerosam
1811 2223 1994 2307 Satyrorum
2017 2226 2192 2290 orationem
2213 2243 2286 2290 eon·

446 2348 540 2392 versa
566 2332 649 2392 sunt.
700 2325 839 2390 Carmini
866 2325 929 2408 illi,
957 2324 1015 2390 tali
1040 2326 1134 2391 moda
1161 2329 1309 2391 innovato
1340 2330 1372 2390 et
1396 2332 1533 2410 mamto,
1564 2328 1655 2391 cuius
1682 2347 1808 2392 summa
1829 2329 1877 2390 vis
1904 2329 1938 2391 in
1965 2326 2059 2392 choro
2081 2332 2149 2392 erat
2176 2326 2286 2412 posim,

449 2418 632 2518 διθυράμβοο
659 2449 773 2493 nomen
795 2429 920 2493 indidit
962 2427 1052 2494 Idem
1073 2430 1232 2511 significat
1253 2427 1368 2494 Saidas
1390 2449 1416 2493 s.
1433 2449 1462 2494 v.
1486 2426 1597 2516 Ἀρίων·
1630 2427 1832 2517 λέγεταικαὶ
1857 2438 2001 2518 τραγικοῦ
2029 2428 2142 2516 τρόπου
2171 2427 2287 2514 eriperis

447 2527 586 2622 γενέσθαι
607 2531 659 2594 καὶ
679 2539 796 2619 πρῶτος
817 2531 904 2620 χορὸν
927 2541 1034 2602 mear
1056 2532 1108 2594 aeri
1130 2520 1311 2620 διθύραμβον
1333 2526 1405 2614 ᾆσαι
1427 2532 1478 2594 καὶ
1500 2529 1703 2622 ὀνομάσαιὶτό
1726 2518 1873 2620 ᾀδόμενον
1888 2531 1946 2594 trad
1967 2539 2022 2596 τοῦ
2044 2539 2134 2619 χοροῦ
2158 2530 2210 2594 καὶ
2228 2527 2286 2592 Σα-

447 2632 553 2722 τύρους
574 2638 750 2722 εἰσενεγκεῖν
766 2638 900 2722 ἔμμετρα
920 2631 1081 2722 λέγοντας,
1103 2634 1218 2718 quibus
1235 2633 1378 2698 conferas
1393 2632 1477 2717 quod
1493 2639 1543 2697 est
1556 2632 1641 2718 apud
1655 2633 1831 2698 Zenobiam
1844 2633 1916 2706 τοὺς
1930 2631 2082 2721 Σατύρους
2094 2629 2285 2720 reparat-serr.
2408 2687 2409 2690 ,

447 2733 567 2800 Verum
588 2734 701 2800 horum
723 2738 898 2800 carminum
920 2743 1106 2817 argumenta
1127 2756 1189 2800 non
1211 2735 1387 2819 Dionysum
1410 2735 1511 2800 sohun
1533 2735 1816 2820 amplectebantur.
1855 2735 2031 2800 Herodotus
2054 2736 2142 2800 enim
2167 2733 2206 2798 de
2223 2739 2285 2798 tra·

448 2840 526 2922 gicis
549 2838 652 2903 choris
675 2837 830 2919 narravit,
863 2839 916 2922 qni
938 2837 1127 2919 Adrastum,
1159 2838 1317 2903 Zenobiae
1346 2836 1384 2900 de
1411 2837 1498 2918 aliis,
1532 2840 1586 2922 qai
1611 2839 1743 2902 Aiacem
1766 2837 1831 2922 (vel
1855 2835 2021 2922 Gigantes)
2056 2843 2088 2902 et
2109 2837 2282 2902 Centauros

449 2941 678 3018 celebrassent3
702 2941 843 3023 aliasque
866 2939 989 3005 fabulas
1011 2939 1068 3004 illa
1090 2940 1128 3007 de
1149 2941 1288 3026 Epigene
1303 2939 1466 3024 Sicyonia,
1488 2940 1528 3004 de
1551 2939 1642 3005 cuias
1659 2947 1761 3005 aetate
1777 2939 1856 3004 nibil
1872 2946 2011 3021 constat,
2032 2941 2172 3006 narratio
2188 2939 2284 3020 signi·

448 3045 542 3108 ficare
564 3042 699 3108 videtur.
743 3044 802 3120 Qui
825 3042 900 3126 qnid
922 3043 1075 3125 effecerit,
1098 3043 1267 3108 obscurum
1290 3048 1347 3108 est.
1391 3042 1473 3107 Nam
1495 3047 1551 3106 aut
1571 3044 1707 3125 tragicos
1727 3041 1838 3108 cheros
1852 3041 1980 3108 induxit
1994 3063 2066 3108 cam
2082 3039 2284 3118 carminibus,

449 3145 565 3230 quibas
592 3147 688 3209 nimis
714 3165 817 3230 pauca
844 3143 883 3209 de
909 3145 1047 3228 Dionyso
1073 3147 1213 3227 inerant,
1240 3143 1287 3208 ita
1311 3151 1348 3208 ut
1375 3149 1569 3229 spectatores
1602 3165 1693 3228 aegre
1721 3145 1857 3210 ferentes
1884 3151 2105 3228 quererentur:
2138 3141 2226 3210 Nihil
2247 3139 2284 3206 de

447 3244 607 3330 Dionyso?
635 3253 691 3310 aut
717 3248 851 3329 tragicos
880 3246 990 3312 choros
1013 3247 1188 3330 Dionysum
1210 3251 1337 3312 cantare
1360 3246 1467 3311 docuit
1488 3247 1643 3332 Epigenes
1666 3246 1817 3329 Sicyone,
1846 3247 1903 3312 ubi
1925 3252 1998 3310 ante
2027 3265 2100 3312 eum
2128 3244 2283 3312 similibus

447 3348 533 3412 ludis
554 3348 631 3413 alios
654 3349 737 3412 Deos
760 3348 1009 3432 daemonesque,
1031 3350 1187 3434 imprimis
1204 3349 1367 3430 Cererem,
1388 3351 1418 3413 si
1433 3348 1530 3414 Otoir.
1550 3349 1700 3414 Muellero
1724 3348 1803 3413 fides
1826 3355 1875 3412 est
1896 3351 1929 3414 in
1944 3349 2087 3432 Aeginet.
2103 3369 2134 3433 p.
2154 3347 2215 3412 170
2229 3365 2284 3428 sq,

449 3452 624 3517 celebratas
646 3471 716 3515 esse
738 3451 908 3516 verisimile
932 3457 996 3532 est,
1023 3453 1070 3515 ita
1091 3457 1127 3515 at
1149 3451 1304 3534 Sicyonii,
1334 3471 1429 3534 qnam
1455 3472 1602 3516 severum
1630 3471 1820 3535 gravemque
1843 3451 1994 3516 Doricum
2022 3449 2145 3516 cultum
2175 3467 2284 3532 seque·

447 3560 576 3636 rentur,
602 3553 831 3636 indignabundi
859 3553 1121 3618 vociferarentur:
1154 3553 1241 3619 Nihil
1268 3555 1360 3619 nobis
1387 3575 1461 3618 cum
1482 3553 1636 3636 Dionysol
1673 3555 1740 3619 Hoc
1764 3559 1902 3634 constat,
1935 3575 1991 3638 pro
2014 3552 2284 3636 dithyrambornm

447 3659 642 3740 argumentis
666 3656 855 3720 daemonum
876 3655 1016 3738 tabulas,
1039 3655 1127 3720 cultu
1150 3655 1280 3739 quidem
1303 3662 1335 3720 et
1356 3663 1471 3720 natura
1490 3658 1574 3720 inter
1596 3677 1629 3720 se
1654 3662 1858 3740 cognatorum
1878 3655 1936 3720 sed
1951 3656 2148 3738 regionibus,
2171 3653 2283 3738 quibus

448 3759 697 3838 celebrarentur,
721 3756 929 3838 diversorum,
953 3778 1022 3822 esse
1045 3763 1188 3843 receptae
1211 3765 1244 3822 et
1264 3758 1338 3823 inde
1354 3759 1478 3823 Atticae
1502 3759 1629 3823 serioris
1645 3759 1758 3824 aetatis
1773 3757 1952 3842 tragoediae
1966 3777 2061 3824 usum
2075 3763 2173 3841 atque
2188 3753 2285 3822 facul·

446 3867 546 3924 tatem
573 3881 642 3924 esse
670 3859 792 3941 datam,
825 3867 861 3924 ut
889 3862 1053 3924 universas
1083 3861 1274 3925 Graecorum
1302 3860 1425 3925 labalas
1452 3863 1486 3924 in
1514 3882 1548 3924 se
1575 3863 1751 3926 insumeret
1777 3868 1874 3944 atque
1903 3859 2176 3944 complecteretur.
2224 3855 2284 3925 Sed

447 3983 609 4046 nunquam
631 3961 792 4044 tragoedia
814 3961 854 4026 ab
870 3962 999 4045 originis
1015 3982 1092 4026 suae
1109 3961 1212 4028 indole
1228 3965 1375 4045 recessit,
1396 3983 1496 4046 qaum
1511 3963 1621 4028 Nuntii
1636 3965 1671 4027 in
1685 3963 1815 4028 modum
1831 3962 1947 4026 dacum
1965 3962 2108 4044 illorum,
2131 3966 2187 4046 qui
2201 3960 2284 4028 cbori

448 4067 556 4130 cantui
578 4067 757 4128 narratione
779 4065 945 4149 praeibant
965 4067 1010 4144 (ol
1033 4054 1239 4152 ἐξάρχοντες),
1266 4071 1449 4129 enarrantes
1477 4065 1727 4150 producerentur
1754 4072 1786 4129 et
1806 4065 1841 4130 iu
1861 4065 1994 4148 Dionysi
2016 4063 2169 4130 honorem
2191 4081 2284 4130 uuam

449 4173 534 4232 certe
550 4186 678 4231 carmen
693 4187 713 4229 a
727 4167 828 4251 potitis
844 4167 936 4232 condi
952 4165 1076 4232 soleret.
1110 4168 1177 4231 lam
1191 4187 1265 4232 vero
1280 4170 1313 4232 in
1328 4167 1506 4251 tragoediae
1522 4168 1654 4232 historia
1669 4167 1785 4232 lacuna
1799 4169 1898 4249 inest,
1914 4187 1994 4250 quae
2010 4167 2050 4232 ab
2066 4166 2130 4232 illis
2145 4168 2224 4232 varii
2237 4184 2284 4229 ar·

447 4271 589 4352 gementi
611 4267 820 4352 dithyrambis
842 4276 930 4354 patet
952 4268 992 4333 ad
1007 4267 1200 4354 Thespidem
1222 4289 1323 4354 usque
1340 4270 1577 4334 Atheniensem
1603 4270 1672 4334 lem
1694 4275 1768 4334 ante
1791 4290 1865 4335 eum
1885 4269 1978 4334 ludos
2000 4271 2035 4334 in
2050 4268 2168 4334 Bacchi
2190 4269 2283 4334 hono·

448 4393 515 4437 rem
544 4371 678 4436 Athenis
708 4390 778 4434 esse
804 4377 893 4436 actos
922 4392 961 4436 ex
987 4370 1149 4436 Plutarchi
1178 4371 1242 4436 Sol.
1265 4373 1305 4436 29
1334 4371 1490 4436 evincitur
1516 4393 1614 4456 eoque
1642 4373 1785 4436 firmatur
1813 4371 1898 4455 qnod
1924 4371 2024 4438 Lesas
2050 4367 2284 4438 llerrnionemis

449 4473 609 4559 Thespide
631 4472 736 4557 paullo
759 4475 862 4537 minor
884 4473 1131 4556 dithyrambicos
1153 4473 1289 4539 Athenis
1312 4475 1472 4539 invenisse
1495 4474 1612 4540 dieitur
1633 4473 1761 4555 choros,
1790 4477 1844 4558 qui
1870 4475 1910 4539 ab
1933 4473 1994 4539 hoc
2016 4475 2101 4540 aucti
2123 4481 2155 4540 et
2176 4469 2283 4556 ampli·

447 4576 534 4640 licati
557 4575 596 4640 ad
619 4578 793 4640 certamina
814 4575 1073 4640 admittebantur.
1118 4575 1254 4661 Thespis
1276 4577 1372 4660 igitur
1395 4576 1610 4660 aliquatenus,
1642 4597 1722 4660 quae
1750 4584 1823 4642 ente
1850 4579 1954 4663 ipsum
1981 4577 2137 4659 fuissent,
2164 4570 2285 4642 novavit

447 4685 481 4742 et
502 4680 649 4756 mutavit3
678 4685 816 4744 actorem
838 4681 924 4742 enim
945 4680 1084 4758 invenit,
1112 4684 1144 4742 et
1170 4679 1321 4768 πρόλογον
1343 4685 1375 4742 et
1395 4682 1491 4768 ρ’ῆοιν,
1522 4699 1616 4762 qaam
1639 4679 1752 4744 Graeci
1774 4679 1885 4745 dicant
1908 4679 2011 4763 lDiog.
2034 4679 2137 4744 Leirt.
2160 4678 2215 4757 111,
2235 4671 2282 4736 56-

447 4779 600 4845 Themist.
626 4779 677 4844 Or.
696 4801 727 4865 p.
744 4780 816 4846 406.
839 4801 869 4866 p.
887 4780 958 4846 382.
975 4780 1098 4864 Dind.);
1122 4801 1202 4866 qaae
1225 4783 1285 4845 tria
1308 4783 1437 4845 invente
1457 4783 1491 4845 in
1513 4801 1613 4846 unam
1634 4782 1776 4847 redeunt.
1813 4784 1860 4848 Ac
1876 4781 2146 4866 dithyramborum
2162 4777 2284 4866 quidem

447 4903 575 4948 summa
601 4885 649 4946 vis
678 4881 713 4946 in
742 4883 844 4947 choris
872 4889 955 4963 erat,
985 4883 1041 4966 qai
1068 4907 1088 4947 a
1109 4883 1230 4966 Satyris
1253 4882 1496 4949 inducebantur.
1541 4883 1608 4948 lem
1630 4904 1720 4965 vero,
1743 4905 1842 4968 qaum
1863 4889 1974 4970 potitae
1996 4905 2015 4948 a
2037 4883 2152 4948 Daachi
2174 4875 2283 4948 atalia
2408 4939 2409 4944 ,

446 4987 654 5050 recessissent
676 4985 872 5069 aliorumque
888 4984 1026 5050 Deorum
1040 4985 1165 5051 fabulas
1180 4989 1215 5050 in
1232 4988 1372 5050 carmina
1388 5007 1444 5051 saa
1458 4986 1671 5071 recepissent,
1694 4986 1832 5070 Satyris,
1852 4987 1905 5071 qni
1920 4989 2013 5050 unius
2029 4986 2146 5050 Dacchi
2161 4983 2283 5050 comites

449 5090 591 5169 inerant,
613 5086 722 5152 nullus
744 5087 880 5174 amplius
901 5087 936 5150 in
960 5089 1155 5153 carminibus
1177 5087 1266 5152 locus
1289 5089 1445 5170 restabat,
1469 5109 1637 5173 eorumque
1661 5088 1729 5154 loco
1752 5089 1832 5152 aliae
1854 5089 2110 5174 producebantur
2128 5099 2282 5174 personae,

449 5209 545 5274 quse,
574 5196 622 5280 ut¹
637 5190 743 5274 Satyri
772 5211 845 5256 cum
872 5189 996 5254 Baccho
1023 5190 1151 5254 luerent
1178 5193 1357 5273 coniuncti,
1388 5193 1435 5254 ita
1462 5212 1502 5256 ex
1530 5193 1569 5256 iis
1599 5191 1804 5277 depromptae
1831 5198 1922 5255 erant
1948 5191 2080 5274 sabulis,
2110 5211 2149 5256 ex
2176 5185 2282 5273 quibus
