4866 6178
988 407 1029 418 ..
1072 349 1199 436 45'..

168 565 207 648 5,
224 565 286 648 18.)
318 565 372 632 Nil
393 566 489 648 igitur
509 565 640 644 mirum,
662 564 701 628 ab
726 567 793 626 arte
817 558 927 626 critica
947 561 1010 624 iam
1033 558 1171 640 antiquis
1194 557 1390 641 temporibus
1411 557 1505 622 hosce
1528 558 1646 640 ingenii
1667 555 1757 622 lusus
1777 561 1929 640 tanquam
1953 557 2013 622 du·

167 670 246 736 bios
269 674 300 733 et
321 671 485 753 suspectos
508 672 631 730 notatos
652 683 737 742 esse;
759 662 792 728 id
812 661 895 746 quod
917 661 1037 724 iactum
1059 664 1109 723 est
1128 659 1213 723 velut
1228 659 1261 724 in
1277 658 1386 724 lexicis
1401 659 1565 724 rhetoricis
1580 657 1685 724 addito
1699 659 1753 724 illo
1770 662 1795 722 εἰ
1810 659 1941 748 γνήσιος,
1964 659 2035 726 νεί-

169 772 301 836 adiecto
323 769 475 836 librorum
497 766 598 832 tituIIs
620 764 773 830 vocabulo
794 751 1036 851 ψευδεπίγραφον
1061 760 1108 844 (ut
1129 764 1162 826 in
1186 761 1352 846 Chrysippi
1375 760 1464 826 libris
1484 760 1569 846 apud
1589 761 1678 842 Diog.
1697 759 1798 826 hadri.
1812 761 1886 842 VH,
1902 763 1932 844 7,
1953 762 2013 845 12.)

167 874 227 938 vel
249 873 388 958 pleniore
410 871 570 954 adscripta
592 886 725 932 censura
746 864 794 947 (ut
815 865 848 928 in
863 863 1042 928 Phaedonis
1058 863 1185 948 scriptis
1200 863 1284 948 apud
1300 864 1387 944 Diog.
1403 863 1504 927 Leirt.
1519 863 1560 943 11,
1575 863 1605 944 9,
1621 863 1673 944 2.).
1700 865 1744 928 At
1759 883 1862 927 errore
1878 863 2013 946 quodam

168 975 271 1040 hasce
298 975 420 1039 litteras
447 971 535 1036 falsis
562 972 737 1051 assignatas
766 987 835 1030 esse
866 966 1073 1050 scriptoribus
1101 965 1270 1048 quominus
1292 966 1496 1046 arbitremur,
1525 963 1605 1028 nihil
1627 965 1740 1030 obstat.
1784 964 1856 1029 Alia
1877 987 1951 1030 vero
1975 965 2013 1032 do

168 1076 333 1142 industria
353 1076 443 1140 salsis
465 1072 592 1138 subdita
613 1077 688 1134 sunt
709 1069 905 1148 auctoribus,
927 1069 974 1132 sic
997 1069 1158 1153 Aristippo
1182 1067 1262 1132 liber
1282 1069 1348 1156 περὶ
1369 1069 1500 1140 παλαιοῖς
1520 1076 1632 1154 τρυφῆς
1654 1067 1944 1151 (trecopith),
1964 1070 2013 1136 sio

168 1179 313 1244 Diotimo
341 1199 420 1262 quae
441 1176 567 1260 Epicuri
595 1172 722 1238 nomine
746 1170 837 1235 datae
860 1176 935 1236 sunt
956 1169 1122 1255 epistolae;
1151 1191 1204 1234 eas
1226 1172 1328 1250 enim,
1356 1170 1499 1253 quamvis
1522 1168 1614 1234 aliter
1635 1175 1777 1234 statuant
1797 1169 1887 1252 Diog.
1911 1169 2012 1234 Lailrt

168 1281 215 1361 X,
230 1282 259 1346 3.
283 1287 315 1346 et
328 1271 445 1346 Athen.
459 1276 541 1342 XIII.
557 1297 587 1360 p.
604 1275 675 1338 611.
687 1274 727 1353 b.,
749 1295 813 1338 non
835 1272 972 1338 eStoioo
994 1271 1048 1336 illo
1070 1273 1226 1356 proticisci
1247 1273 1387 1357 potuisse
1418 1271 1525 1336 docuit
1544 1271 1656 1335 Luzec.
1677 1293 1708 1357 p.
1728 1269 1802 1350 153;
1824 1273 1871 1336 sic
1886 1271 2012 1338 Philae·

170 1383 259 1466 nidi,
280 1403 377 1466 quam
399 1385 510 1465 purgat
525 1377 675 1442 Aeschrio
698 1374 781 1461 apud
796 1375 910 1440 Athon.
927 1375 1009 1440 VIII.
1033 1395 1062 1459 p.
1078 1373 1151 1438 335.
1165 1397 1208 1456 α,
1230 1373 1357 1438 libellus
1379 1375 1445 1462 περὶ
1466 1374 1610 1438 ποικίλων
1633 1361 1817 1462 Ἀφροδισίων
1839 1372 2011 1462 σχημάτων.

171 1487 281 1570 Atque
305 1485 380 1547 haec
404 1500 527 1565 quoque
552 1497 812 1544 commemorasse
834 1477 935 1558 iuvat,
962 1477 1171 1559 Pythagoram
1193 1476 1351 1560 quaedem
1374 1476 1496 1562 Orpheo
1520 1475 1718 1558 subdidisse,
1746 1475 1831 1560 quod
1853 1479 1935 1540 iuter
1957 1497 2011 1540 ve-

171 1593 260 1652 teres
281 1586 315 1650 Io
342 1587 434 1669 polita
454 1585 487 1672 iq
510 1581 664 1664 Triagmis
687 1580 795 1644 docuit
816 1577 868 1663 (ci.
891 1599 942 1644 me
965 1579 1004 1643 de
1025 1578 1101 1644 Ione
1119 1600 1149 1662 p.
1166 1577 1235 1658 80),
1263 1585 1295 1642 et
1322 1581 1406 1643 inter
1428 1581 1619 1644 recentiores
1639 1578 1816 1644 Lobeckius
1842 1578 1874 1642 in
1896 1579 2011 1662 Aglao-

171 1689 290 1773 phemc
320 1686 569 1752 luculentissIme
598 1683 751 1766 exposuit
800 1680 888 1758 Qnod
915 1702 934 1745 a
960 1683 1109 1764 magistro
1139 1679 1286 1766 discipuli
1315 1681 1463 1746 didicisse
1491 1680 1653 1762 videntur,
1681 1701 1779 1764 quum
1810 1702 1867 1746 sua
1895 1683 2013 1766 scripta

170 1789 370 1872 Pythagoreo
393 1794 620 1872 supponerent;
643 1786 688 1848 sio
712 1785 794 1847 enim
818 1786 959 1849 narravit
979 1782 1172 1848 lamblichus
1196 1783 1235 1848 de
1260 1786 1324 1848 vita
1344 1783 1435 1867 Pyth.
1459 1805 1507 1869 op.
1523 1783 1632 1848 XXIX.
1655 1781 1751 1866 §158
1775 1783 1825 1846 καί
1848 1773 1898 1846 διὰ
1919 1793 2011 1848 τοῦτο

172 1879 248 1954 οὐδὲ
274 1893 391 1954 ἑαυτῶν
413 1879 593 1976 ίπεφίμιζον
615 1885 695 1950 αὐτὰ
722 1883 789 1948 ἀλλ’
812 1890 852 1961 εἰς
873 1883 1058 1975 Πυθαγόραν
1079 1883 1222 1973 ἀνέφερον
1244 1885 1323 1949 αὐτοὶ
1344 1890 1385 1960 ῶς
1407 1885 1520 1948 ἐκείνου
1543 1883 1633 1965 ὄντα,
1663 1885 1851 1969 quibuscum
1873 1906 2011 1952 consen-

171 1995 276 2073 tiunt,
298 2011 377 2074 quae
400 1989 482 2076 apud
505 1989 592 2072 lliog.
610 1989 711 2052 taen.
727 1988 815 2070 VIII,
832 1990 867 2068 1,
882 1988 911 2052 5.
934 1993 1023 2070 sunt,
1046 1988 1130 2054 inter
1144 1988 1338 2072 Pythagorea
1360 2007 1441 2072 quae
1462 1987 1635 2067 ferrentur,
1657 1987 1871 2054 multaluisse
1888 1987 2010 2071 Lysidis

173 2095 355 2176 Tarentini,
376 2093 439 2158 alia
458 2093 586 2156 Astonia
609 2091 822 2172 Crotoniatae,
844 2090 908 2156 ulie
928 2091 1060 2176 Hippasi
1082 2090 1278 2174 Pythagorei.
1316 2091 1359 2154 At
1373 2089 1547 2154 Aeschines
1569 2089 1756 2154 Eretriensis
1771 2089 1954 2155 Menedemo
1976 2092 2010 2154 in

174 2197 386 2280 susptcionem
408 2194 496 2259 venit
517 2192 736 2258 simulationis.
770 2193 831 2270 Qui
853 2193 938 2258 enim
960 2193 1142 2258 ferebantur
1160 2191 1328 2256 Aeschinis
1351 2212 1529 2272 sermones,
1550 2189 1688 2256 Socratis
1710 2211 1791 2273 esse,
1814 2212 1892 2274 quos
1915 2191 1968 2256 ille
1990 2213 2010 2256 a

172 2296 369 2382 Xanthippe,
390 2296 529 2361 Socratis
549 2315 663 2375 uxore,
690 2287 882 2380 accepisset,
907 2295 1109 2360 Menedemus
1132 2294 1328 2360 obtenderet.
1373 2295 1434 2372 Qui
1454 2313 1614 2358 sermones
1634 2291 1781 2384 ἀκέφαλοι
1801 2293 1847 2358 illi
1871 2295 2010 2376 luerunt,

175 2418 254 2482 quos
274 2398 460 2464 Pisistratus
483 2417 608 2481 quoque
630 2396 785 2482 Ephesius
807 2397 958 2462 Aeschini
980 2397 1205 2464 abiudioandos
1228 2417 1298 2461 esse
1324 2403 1451 2482 propter
1471 2417 1572 2478 genus
1594 2395 1719 2472 dicendi
1741 2401 1774 2458 et
1795 2395 2009 2480 philosophiae

175 2500 350 2566 doctrinam
373 2503 511 2578 censuit;
533 2503 597 2562 vim
620 2499 705 2564 euim
726 2498 814 2564 illam
829 2499 1037 2580 Socraticam,
1060 2501 1194 2564 εὐτονίαν
1218 2519 1310 2583 quam
1328 2499 1475 2580 vocabat,
1497 2499 1529 2561 iu
1546 2500 1585 2562 iis
1601 2496 1802 2562 desiderabat
1816 2498 2010 2580 Pisistratus,

174 2605 230 2686 qui
250 2603 443 2670 Aeschinem
469 2601 599 2668 meliora
627 2602 765 2686 prolerre
786 2601 927 2686 potuisse
951 2602 1177 2687 suspicabatur.
1222 2601 1352 2686 Septem
1374 2599 1442 2664 eius
1466 2619 1647 2664 sermonum
1672 2602 1826 2666 maiorem
1848 2608 2010 2684 partema

171 2705 364 2790 Pasiphoute
386 2705 557 2770 Eretriensi
584 2704 757 2788 proiectam
785 2725 869 2786 esse,
898 2706 952 2788 qui
974 2724 1027 2770 eos
1049 2706 1083 2768 in
1104 2702 1283 2786 catalogum
1305 2702 1454 2768 librorum
1477 2701 1644 2766 Aeschinis
1667 2704 1840 2787 recepisset
1861 2702 2006 2787 idemque

173 2815 261 2874 esset
281 2813 375 2892 atque
391 2806 460 2888 ille,
483 2809 536 2890 qui
550 2805 734 2872 Antistheni
749 2805 917 2872 nonnullos
931 2805 1029 2872 libros
1044 2808 1280 2891 supposuisset,
1300 2805 1454 2870 Persaeus
1469 2803 1586 2870 docuit
1613 2803 1659 2868 Ns
1676 2803 1714 2868 ds
1729 2803 1863 2888 EpIcuro
1878 2804 2008 2887 quidem

170 2915 283 2976 tacent
303 2917 435 2974 veteres.
469 2909 547 2974 Eum
567 2911 653 2976 euim
677 2929 730 2972 eas
753 2909 902 2994 epistolas
925 2910 1150 2993 conscripsisse
1172 2910 1279 2974 nescio
1302 2909 1372 2990 quis
1395 2905 1568 2988 contendit,
1590 2925 1669 2990 quae
1693 2905 1859 2991 Chrysippi
1882 2908 2007 2972 nornine

171 3011 467 3089 circumferrentnr3
489 3011 543 3074 alii
557 3011 689 3096 Epicuro
712 3013 879 3076 conviciati
902 3018 992 3093 suut,
1013 3011 1097 3094 quod
1111 3011 1282 3076 Democriti
1302 3021 1334 3074 ot
1348 3008 1501 3094 Aristippi
1524 3007 1676 3091 quosdam
1697 3007 1805 3086 libros,
1827 3011 1917 3092 quasi
1939 3009 2008 3093 ipse

171 3116 365 3199 scripsisset,
374 3133 429 3178 suo
441 3115 567 3178 nomtne
575 3112 735 3178 edidisset.
745 3113 800 3194 (Ci.
809 3113 896 3196 Diog.
904 3113 1097 3194 Ladrt.X,3.l
1108 3112 1305 3198 Aristippum
1316 3131 1441 3195 quoquo
1450 3110 1623 3176 Sosicratee
1632 3113 1757 3192 negavit
1767 3131 1823 3176 sex
1836 3111 1931 3176 libros
1941 3099 2008 3174 δια-

171 3217 282 3304 τριβῶν
292 3215 390 3298 (Diog.
402 3215 503 3280 hadri.
515 3216 555 3295 ΙΙ,
566 3215 597 3295 8,
605 3213 646 3297 6.)
662 3217 843 3300 scripsisse;
859 3214 897 3280 de
910 3217 1114 3283 Anaximeuis
1123 3217 1327 3302 epiroticas,
1338 3233 1433 3298 quem
1445 3215 1513 3297 ipse
1523 3211 1725 3298 Theopompo
1738 3213 1889 3294 subdidit,
1901 3214 2009 3278 conler

171 3319 309 3384 Pausan.
326 3317 376 3382 Vl.
399 3337 430 3402 p.
443 3317 518 3381 496.
541 3322 573 3382 et
583 3317 671 3382 Voss.
691 3317 771 3382 Hist.
789 3318 840 3382 Gr.
856 3338 886 3402 p.
903 3317 954 3382 64.
977 3317 1156 3397 Westerm,
1172 3315 1210 3380 de
1225 3317 1374 3400 Melampi
1396 3315 1475 3380 libro
1496 3315 1562 3402 περὶ
1584 3324 1638 3388 τῆς
1658 3319 1788 3403 παλμῶν
1810 3325 1954 3404 μαντικῆς
1976 3320 2009 3378 et

173 3420 214 3486 de
236 3420 348 3505 Apicio
370 3425 455 3484 recte
476 3419 628 3484 indicavit
648 3418 762 3484 bozac.
781 3420 815 3486 in
828 3419 913 3486 beot.
928 3421 994 3486 Att.
1010 3440 1041 3504 p.
1059 3417 1141 3499 157,
1163 3419 1202 3482 de
1226 3419 1400 3484 Heraclidis
1415 3417 1538 3482 Pontici
1559 3417 1740 3500 tragoediis,
1762 3438 1840 3501 quas
1856 3416 2007 3502 Thespidi

171 3520 357 3606 adscripsit,
380 3519 481 3604 deque
503 3523 571 3586 eius
592 3520 843 3606 Parthenopaeo,
871 3542 966 3606 quam
988 3519 1135 3606 Sophocli
1157 3521 1300 3587 subdidit
1321 3520 1476 3600 tabulam,
1504 3519 1610 3584 confer
1630 3519 1718 3602 Diog.
1739 3519 1840 3584 Ladrt
1856 3520 1894 3599 V,
1913 3519 1949 3600 6,
1971 3520 2005 3597 '13

172 3624 302 3690 extabat
321 3623 418 3688 etiam
439 3622 524 3708 apud
545 3628 668 3688 vetem
691 3612 887 3709 Ἡρακλείδης
907 3619 927 3695 ἢ
949 3621 1176 3711 Φιλοστέφανος
1197 3625 1228 3688 ἐν
1249 3633 1295 3704 τῷ
1315 3625 1382 3712 περὶ
1404 3623 1508 3694 νόσων.
1539 3622 1700 3706 (Harpocr.
1716 3642 1745 3685 ν.
1760 3619 1912 3709 στρόμνη.)

324 3725 411 3792 llaec
432 3725 594 3792 sufficiant
615 3724 759 3810 exempla
779 3725 820 3790 ad
833 3725 996 3792 assiduam
1015 3725 1102 3790 illam
1117 3733 1258 3790 veterum
1274 3725 1462 3810 scriptorum
1475 3724 1675 3790 sedulitatem
1689 3722 2008 3805 commonstrandam,

171 3849 254 3912 quse
275 3828 431 3908 effecerit,
458 3834 495 3893 ut
520 3827 621 3892 multa
647 3847 796 3912 pmrersa
821 3833 853 3894 ot
874 3827 1045 3913 depravato
1071 3830 1104 3892 tn
1126 3839 1248 3893 setores
1274 3827 1398 3892 litteras
1426 3829 1619 3912 irrepserint
1667 3825 1730 3890 Sed
1752 3825 1790 3890 ad
1818 3825 2006 3890 industriam

171 3931 259 3996 illam
287 3929 464 3996 studiorum
492 3931 695 4011 agitationem
716 3929 767 3996 vel
792 3949 904 4013 regum
932 3933 1044 3995 insano
1071 3930 1222 3995 librorum
1249 3929 1354 3994 studio
1377 3929 1544 4014 perductos
1566 3949 1636 3994 esse
1660 3928 1819 4008 homines,
1849 3927 2007 3992 eGaleno

172 4031 264 4098 facile
288 4033 441 4112 conicias,
461 4035 517 4115 qui
538 4033 581 4114 (iu
598 4032 744 4117 Hippocr.
760 4031 799 4096 de
814 4031 852 4098 N.
869 4033 907 4097 hl.
923 4033 947 4098 l.
971 4033 1058 4098 Tom.
1072 4034 1107 4097 V.
1131 4054 1161 4117 p.
1180 4034 1230 4112 16,
1245 4032 1286 4096 50
1300 4031 1407 4112 Basili
1424 4031 1490 4119 πρίν
1505 4032 1578 4120 γὰρ,
1600 4030 1720 4114 inquit,
1741 4031 1812 4105 τοὺς
1826 4030 1858 4093 ἐν
1873 4021 2006 4104 Ἀλεξαν-

173 4124 258 4222 δρεία
283 4156 318 4198 τε
346 4135 396 4197 καὶ
418 4131 573 4224 Περγάμῳ
600 4130 739 4223 γενέσθαι
765 4135 912 4216 βασιλεῖς,
941 4135 989 4198 eet
1016 4133 1120 4206 κτίσει
1148 4138 1287 4198 παλαιῶν
1308 4134 1430 4217 βιβλίων
1451 4129 1716 4221 φιλοτιμηθέντας,
1743 4121 1863 4198 οὐδέπω
1891 4120 2006 4216 ψευδῶς

171 4222 381 4326 ίττιγίγραιττο
403 4235 600 4326 σύγγραμμα·
625 4235 789 4324 λαμβάνειν
813 4226 832 4300 δ
839 4234 845 4250 ’
866 4227 1042 4324 ἀρξαμένων
1064 4232 1169 4325 μισθόν
1195 4246 1257 4300 τῶν
1284 4227 1469 4324 κομιζόντων
1497 4238 1597 4309 αὐτοῖς
1624 4233 1848 4325 συγγράμματα
1873 4236 2005 4296 παλαιοῦ

171 4361 265 4420 τινος,
294 4325 398 4426 ἀνδρός
419 4337 515 4412 οὕτως
541 4327 600 4410 ἤδη
621 4337 723 4402 πολλοὶ
745 4328 862 4424 ψευδῶς
884 4335 1096 4428 διαγράφοντες
1117 4331 1264 4426 ἐκόμιζον.
1311 4337 1434 4404 Similia
1455 4338 1553 4404 habes
1575 4337 1789 4402 in‘Ammonii
1811 4335 1850 4400 ad
1873 4337 2004 4400 Aristot.

174 4441 278 4524 Categ.
301 4440 386 4520 loco,
409 4459 502 4522 quem
517 4439 678 4523 Menegius
701 4439 741 4504 ad
755 4441 844 4524 Diog.
860 4439 960 4504 Lairt.
976 4440 1036 4506 vol.
1053 4441 1076 4506 I.
1099 4462 1128 4526 p.
1145 4441 1216 4506 615.
1239 4440 1361 4505 Huebn.
1376 4439 1499 4505 attulit:
1520 4437 1714 4528 Πτολεμαῖον
1735 4438 1788 4501 τὸν
1808 4427 2005 4526 Φιλάδελφον

172 4541 249 4605 πάνυ
276 4531 493 4607 ἐσπουδακέναι
519 4543 591 4630 φασὶ
618 4542 750 4630 περὶτὰ
776 4541 868 4607 λοιποὶ
894 4543 946 4606 aod
971 4543 1113 4631 χρήματα
1139 4531 1254 4606 διδόναι
1279 4553 1342 4617 τοῖς
1364 4540 1576 4630 προσφέρουσιν
1597 4543 1681 4622 αὐτῷ
1703 4541 1822 4622 βίβλους
1842 4550 1898 4602 τοῦ
1920 4543 2005 4627 φιλο-

173 4642 280 4730 σόφου·
302 4642 370 4708 ὅθεν
391 4642 467 4717 τινὲς
481 4641 721 4732 χρηματίσασθαι
734 4645 911 4734 βουλόμενοι
926 4643 1140 4733 ἐπιγράφοντες
1154 4642 1378 4734 συγγράμματα
1391 4652 1437 4725 τῷ
1451 4653 1507 4708 τοῦ
1519 4643 1685 4732 φιλοσόφου
1699 4642 1824 4732 ὀνόματι
1839 4652 2004 4731 προσῆγον·

171 4743 277 4833 ἀμέλει
304 4748 392 4835 φασίν
415 4747 445 4810 ἐν
465 4756 506 4830 τῇ
534 4743 652 4836 μεγάλῃ
680 4743 855 4830 βιβλιοθήκῃ
878 4744 1019 4835 εὑρῆσθαι
1047 4744 1249 4810 Ἀναλυτικῶν
1271 4745 1325 4836 μὲν
1346 4745 1572 4833 τεσσαράκοντα
1598 4745 1730 4827 βίβλους,
1759 4753 1947 4834 κατηγοριῶν
1968 4732 2005 4806 δθ

170 4836 240 4912 δύο·
264 4846 364 4938 lapido
387 4838 421 4913 δὲ
442 4855 477 4912 ἐκ
498 4869 533 4912 τε
555 4857 616 4912 τῶν
638 4845 800 4936 νοηροίτων
822 4849 873 4912 καὶ
894 4858 949 4924 τῆς
971 4847 1104 4938 φράσεως
1125 4851 1242 4931 καὶτῷ
1265 4850 1312 4912 ἀεὶ
1335 4849 1365 4912 ἐν
1383 4859 1448 4923 ταῖς
1470 4846 1577 4922 ἄλλοις
1597 4847 1815 4937 πραγματείαις
1837 4841 2004 4936 μεμνῆσθαι

170 4949 281 5014 τούτου
302 4960 357 5014 τοῦ
380 4951 496 5034 βιβλίου
518 4949 570 5014 τθν
593 4949 763 5039 φιλόσοφον.

324 5052 387 5120 Sed
408 5053 484 5137 quid
512 5053 589 5119 haec
611 5051 650 5116 ad
674 5051 968 5118 Chamaeleontem?
1001 5053 1224 5122 Demonstrare
1247 5073 1285 5117 ea
1304 5053 1449 5136 arbitror,
1475 5055 1502 5117 si
1525 5052 1563 5117 de
1586 5050 1838 5118 Chamaeleontis
1861 5050 1941 5116 libro
1964 5049 2002 5116 de

170 5155 337 5241 Voluptate
360 5156 563 5223 dubitabatur
584 5177 662 5221 num
685 5175 756 5221 vero
779 5157 1030 5224 Chamaeleontis
1052 5161 1153 5240 esset,
1175 5155 1233 5222 hoc
1255 5156 1407 5221 alterutra
1429 5154 1467 5220 de
1489 5175 1587 5220 causa
1609 5175 1678 5225 esse
1700 5155 1833 5220 iactum:
1856 5161 1912 5220 aut
1928 5155 2004 5238 quia
