4866 6178
1278 376 1487 440 -44-

472 562 636 649 Voluptate
658 562 763 644 libris,
794 564 829 626 in
857 561 971 646 quibus
1000 582 1069 627 eam
1096 569 1246 646 tanquam
1274 583 1434 628 summum
1462 567 1546 629 vitae
1574 563 1669 630 buem
1692 564 1855 650 proposuit
1876 563 1959 644 lVll,
1980 565 2011 644 t,
2034 567 2066 630 1.
2093 569 2131 628 et
2155 563 2212 646 5.).
2259 564 2318 632 Cui

340 729 346 744 ,
470 665 662 750 Chrysippus
684 665 868 731 adversatus
891 674 941 729 est
960 667 994 729 in
1017 667 1084 730 auis
1106 665 1195 730 libris
1218 665 1261 749 (tv
1274 665 1348 749 τοῖς)
1370 667 1436 754 περὶ
1457 654 1581 747 ἡδονῆς,
1604 687 1643 732 ex
1665 667 1778 750 quibus
1800 667 1884 753 apud
1904 667 2117 750 Diogbae'rt.
2136 667 2317 748 Vll,'l,12

468 767 614 851 leguntur
634 769 700 856 περὶ
718 776 773 832 τοῦ
792 770 888 832 καλοῦ
904 769 955 832 καὶ
969 756 1091 844 ἡδονῆς,
1113 767 1184 855 πρὸς
1199 764 1439 854 Ἀριστοκρέοντα
1452 764 1480 831 a'.
1504 757 1666 849 Ἀτόδιοξος
1680 768 1752 855 πρὸς
1764 770 1801 834 τό
1816 773 1858 859 μὴ
1874 766 2017 840 εἶναιτὴν
2031 762 2158 842 ἡδονὴν
2173 767 2268 846 τέλος
2282 757 2317 833 δ’.

470 858 630 944 Ἀπόδειξις
650 868 722 956 πρὸς
741 869 778 932 τὸ
801 870 844 958 psl
866 865 940 932 εἶναι
960 869 1017 940 τὴν
1038 857 1149 940 ἡδονὴν
1171 858 1326 959 ἀγαθόνδ
2138 905 2143 916 -

618 972 780 1036 Postremo
806 973 890 1035 inter
915 970 1042 1058 Epicuri
1070 991 1195 1056 quoque
1223 973 1340 1057 scripta
1366 971 1439 1036 libri
1460 973 1526 1060 capt
1547 961 1655 1048 stota
1685 976 1901 1054 inveniuntur,
1927 993 2006 1057 quos
2032 973 2206 1058 Aristippi
2236 993 2317 1054 esse,

467 1075 634 1158 ipsumque
656 1072 718 1137 sibi
738 1073 908 1159 Epicurum
930 1076 1131 1159 supposuisse
1160 1074 1365 1139 calumniator
1389 1073 1442 1138 ille
1466 1073 1621 1140 Diotimus
1642 1075 1765 1142 Stoicus
1793 1078 1940 1142 narravit.
1964 1076 2020 1156 (Cf.
2039 1075 2138 1158 Diog.
2163 1075 2201 1138 L.
2217 1075 2257 1140 X.
2274 1075 2316 1158 3.)
2384 1061 2386 1070 ⁴

466 1175 557 1240 Falso
579 1183 674 1259 atque
695 1177 812 1240 iniuste
835 1176 868 1240 id
890 1175 929 1240 ab
944 1177 1082 1241 Diotimo
1106 1179 1306 1241 enuntiatum
1330 1195 1399 1240 esse
1421 1175 1471 1240 vel
1494 1197 1532 1240 ex
1555 1197 1592 1240 ea
1613 1179 1733 1242 ratione
1756 1180 1900 1261 cognosci
1924 1183 2043 1266 potest,
2067 1198 2139 1261 qua
2163 1179 2199 1241 in
2224 1176 2315 1241 libris

469 1277 646 1342 delinitus
676 1277 829 1362 bonorum
856 1277 984 1363 Epicuri
1014 1278 1190 1344 doctrinam
1218 1283 1333 1342 tractat
1362 1278 1483 1354 Cicerae
1516 1279 1571 1344 sed
1602 1281 1819 1362 cognationem
1849 1281 1986 1364 aliquam
2016 1282 2105 1344 inter
2136 1278 2315 1344 nonnullas

467 1380 593 1466 Epicuri
615 1387 647 1444 et
667 1381 821 1466 Aristippi
843 1382 1029 1465 scriptiones
1051 1381 1166 1461 luisse,
1189 1379 1339 1444 credibile
1360 1387 1423 1458 est;
1444 1380 1537 1446 modo
1560 1401 1599 1446 ne
1622 1384 1693 1466 quis
1715 1383 1912 1468 Aristippum
1930 1381 2130 1465 singularem
2153 1383 2226 1469 περὶ
2241 1370 2313 1452 ἠδο-

468 1492 518 1558 νῆς
539 1481 655 1547 librum
678 1481 815 1547 edidisse
837 1489 942 1568 putet;
965 1482 1053 1547 illum
1077 1483 1161 1546 enim
1183 1503 1246 1547 nou
1268 1484 1409 1546 extitisse
1432 1483 1524 1547 docet
1545 1483 1633 1566 Diog.
1656 1483 1756 1548 batert.

618 1583 665 1648 De
686 1587 843 1649 universis
865 1583 939 1667 illis,
961 1587 1016 1668 qui
1038 1584 1077 1648 de
1092 1585 1259 1669 Voluptate
1282 1590 1366 1664 suut,
1388 1584 1478 1650 libris
1492 1577 1602 1669 'deque
1624 1585 1695 1650 aliis
1717 1587 1839 1668 cognati
1855 1588 2031 1668 argumenti
2047 1587 2190 1672 scriptis
2206 1587 2311 1650 incor-

467 1692 577 1772 ruptus
599 1692 631 1750 et
651 1687 838 1770 intellegens
858 1687 954 1751 index
976 1692 1026 1751 est
1046 1686 1086 1753 M.
1102 1686 1227 1750 Tullius
1249 1686 1372 1768 Cicero,
1395 1688 1450 1770 qui
1472 1707 1552 1770 quae
1574 1690 1674 1752 sensit
1697 1688 1844 1754 brevibus
1858 1689 2025 1753 sententiis
2041 1687 2242 1773 complexus
2264 1693 2312 1752 est

467 1791 501 1854 iu
522 1788 602 1853 libro
625 1788 663 1852 de
685 1788 753 1854 Fin.
775 1789 813 1853 Π.
838 1787 923 1871 §dh
939 1787 990 1854 35.
1033 1788 1082 1854 lbi
1104 1809 1271 1853 numerum
1294 1809 1416 1868 eorum,
1439 1809 1516 1872 qnos
1531 1788 1622 1854 modo
1642 1791 1872 1855 nominavimus
1887 1793 2056 1875 scriptores
2073 1790 2116 1854 de
2135 1789 2309 1874 Voluptate

467 1889 632 1972 librcmm,
660 1895 787 1956 auctam
808 1891 979 1972 habemus,
1005 1893 1105 1974 ignari
1132 1897 1254 1971 tamen,
1281 1893 1335 1974 qui
1363 1889 1514 1955 librorum
1544 1891 1627 1956 tituli
1656 1891 1781 1957 luerint
1826 1895 1978 1958 Auctores
2002 1913 2081 1976 quos
2107 1901 2248 1956 secutus
2270 1893 2310 1956 sit

466 1991 670 2078 philosophus
691 1993 860 2073 Romanus,
883 2000 1007 2078 praeter
1028 2012 1125 2078 supra
1145 1993 1288 2057 laudatos
1311 2013 1350 2057 ex
1371 1992 1568 2058 Academicis
1591 1994 1681 2058 allert
1701 1994 1947 2079 Calliphontem,
1971 1995 2193 2076 Carneadem,
2216 1993 2307 2060 Pole-

465 2115 607 2177 monem,
630 2115 669 2158 ex
689 2096 907 2180 Peripateticis
922 2095 1149 2178 Hieronymum
1165 2094 1336 2175 Rhodium,
1358 2095 1543 2176 Diodomm,
1566 2117 1603 2160 ex
1618 2096 1733 2162 Stoicis
1752 2098 1910 2162 Zenonem
1925 2098 2093 2178 Cittieum,
2117 2097 2307 2162 Aristonem

467 2197 580 2262 Chium
604 2205 636 2261 et
656 2204 781 2282 praeter
802 2217 855 2261 eos
869 2197 1063 2280 Pyrrhonem
1085 2204 1117 2260 et
1131 2197 1285 2262 Herillum
1301 2197 1607 2280 Carthaginiensem,
1629 2201 1681 2282 qui
1704 2205 1805 2262 aetate
1827 2206 1861 2262 et
1883 2199 2025 2264 doctriua
2046 2198 2145 2282 longe
2170 2201 2258 2264 inter
2273 2218 2306 2260 se

468 2298 598 2381 diversi,
620 2299 696 2382 quid
717 2301 933 2384 praestiterint
953 2301 987 2362 in
1008 2298 1206 2385 philosophia
1227 2302 1280 2364 vix
1302 2319 1320 2362 e
1342 2298 1502 2364 Ciceronis
1524 2299 1603 2366 libro
1625 2300 1805 2384 intellegere
1830 2321 2005 2386 possumus.

618 2400 708 2466 Nunc
730 2421 819 2483 vero,
841 2403 987 2485 quoniam
1002 2401 1139 2466 vidimus
1161 2405 1214 2486 qui
1236 2405 1319 2466 inter
1333 2411 1456 2466 veteres
1479 2403 1617 2486 quidque
1639 2405 1740 2468 secuti
1763 2405 1891 2468 rationis
1914 2403 1952 2467 de
1965 2403 2139 2488 Voluptate
2163 2405 2304 2486 scripse·

466 2505 546 2584 rint,
569 2501 609 2567 ad
632 2521 701 2568 eam
722 2509 919 2568 transeamus
933 2504 1166 2586 quaestionem,
1188 2523 1268 2587 quae
1291 2510 1340 2568 est
1362 2504 1400 2569 de
1416 2506 1493 2584 iure,
1514 2523 1577 2588 quo
1592 2505 1827 2570 Chamaeleouti
1846 2507 1949 2590 potius
1964 2525 2060 2588 quam
2075 2505 2302 2590 Theophrasto

466 2604 582 2669 librum
603 2604 693 2670 illum
713 2607 780 2694 capt
801 2593 926 2684 ἡδονῆς,
949 2607 1001 2688 qui
1016 2607 1180 2689 utriusque
1196 2605 1372 2691 philosophi
1387 2609 1515 2670 nomina
1528 2627 1601 2692 prae
1617 2628 1651 2670 se
1670 2608 1763 2688 ierat,
1786 2607 2011 2672 adscribamus.
2045 2610 2159 2692 Atque
2174 2613 2304 2692 propter

468 2706 625 2792 duplicem
645 2709 783 2772 neminis
803 2707 1042 2792 inscriptionem
1063 2707 1156 2772 facile
1179 2711 1334 2793 quispiam
1359 2709 1472 2774 librum
1496 2729 1515 2772 a
1537 2709 1751 2794 Theophrasto
1774 2711 1926 2795 prodiisse
1949 2707 2083 2792 iudicet,
2118 2709 2205 2794 quod
2228 2709 2302 2772 iecit

467 2808 691 2891 Schneiderus,
718 2811 772 2894 qui
797 2812 831 2874 in
853 2809 889 2874 V.
912 2831 942 2894 p.
961 2810 1020 2874 197
1042 2830 1088 2893 sq.
1115 2810 1263 2894 reliquias
1291 2811 1384 2874 buius
1412 2831 1535 2894 queque
1563 2810 1638 2902 libri¹
1662 2813 1744 2876 iuter
1766 2812 2001 2898 Theophrastea
2025 2818 2094 2876 iure
2119 2811 2300 2878 servavisse

467 2912 528 2976 sibi
549 2912 721 2978 videbatur.
753 2913 797 2977 At
817 2913 851 2976 iu
874 2931 910 2976 eo
931 2911 1031 2976 salsus
1053 2917 1102 2976 est
1122 2915 1170 2976 vir
1192 2911 1318 2993 doetus,
1345 2912 1376 2976 id
1401 2912 1483 2996 quod
1506 2934 1545 2977 ex
1567 2933 1603 2977 ea
1624 2917 1744 2979 ratione
1766 2915 1857 2979 facile
1880 2917 2086 2998 cognoscitur,
2113 2935 2180 3000 qua
2200 2912 2298 2978 Athe-

466 3033 564 3078 naeus
585 3015 700 3080 librum
721 3013 809 3078 illum
831 3013 980 3079 laudavit.
1014 3017 1150 3099 Scripsit
1171 3017 1254 3079 enim
1278 3015 1329 3078 Vl.
1350 3035 1379 3099 p.
1396 3015 1467 3080 273.
1482 3036 1508 3080 c.
1531 3019 1571 3090 ὡς
1590 3020 1702 3104 ἱστορεῖ
1715 3013 1900 3106 Χαμαιλέων
1922 3015 2103 3091 ὀΠοντικός
2127 3019 2160 3080 tv
2175 3026 2222 3097 exp
2236 3012 2299 3095 περὶ

466 3104 592 3194 ἡδονῆς,
613 3115 649 3179 τὰ
671 3104 698 3177 δ’
710 3115 787 3179 αὐτὸ
808 3116 922 3198 βιβλίον
935 3117 987 3178 οιαὶ
1008 3121 1049 3190 ὡς
1063 3113 1259 3204 Θεοφράστου
1281 3115 1416 3204 φέρεται,
1440 3117 1554 3200 quibus
1570 3118 1674 3182 verbis
1696 3139 1792 3183 unum
1809 3119 2082 3184 Chamaeleontem
2105 3115 2298 3202 significavit

466 3223 634 3283 auctorem.
668 3217 759 3284 Unde
782 3225 885 3282 cutem
908 3218 1023 3304 duplex
1045 3219 1205 3304 scriptoris
1225 3238 1339 3282 nomen
1356 3217 1435 3284 libro
1449 3219 1496 3284 illi
1511 3221 1550 3284 de
1563 3220 1726 3306 Voluptate
1742 3224 1927 3307 inscriptum
1943 3221 2000 3300 sit,
2023 3223 2050 3285 si
2066 3223 2140 3304 quis
2156 3223 2296 3304 quaerat,

465 3319 499 3384 id
520 3327 576 3384 aut
591 3305 773 3384 inconsulto
796 3319 834 3385 de
857 3340 960 3385 errore
983 3327 1036 3385 aut
1059 3320 1097 3385 de
1117 3321 1274 3384 industria
1296 3321 1499 3405 consultoque
1522 3323 1588 3386 deri
1612 3326 1751 3407 potuisse
1773 3322 2042 3408 respondebimus.
2087 3325 2138 3388 Ac
2162 3323 2296 3408 primum

464 3422 608 3507 quidem,
635 3423 662 3486 si
687 3421 865 3488 inconsulto
888 3421 1005 3508 duplex
1032 3443 1147 3488 nomen
1168 3425 1330 3509 scriptioni
1352 3424 1486 3488 inditum
1510 3444 1579 3488 esse
1603 3428 1666 3506 vis,
1693 3427 1888 3510 antiquarius
1911 3425 2037 3510 quidam
2061 3426 2094 3488 in
2119 3425 2218 3510 culpa
2239 3426 2295 3499 est,

465 3527 520 3610 qni
540 3525 655 3590 iudicio
677 3545 733 3591 suo
754 3525 905 3611 deceptus
926 3525 977 3590 vel
997 3525 1260 3606 declamationes,
1281 3529 1315 3590 in
1337 3525 1448 3590 umbra
1468 3525 1593 3592 scholae
1617 3528 1731 3610 egregii
1754 3527 1886 3592 alicuius
1908 3530 2040 3592 oratoris
2063 3529 2196 3593 numiam
2220 3543 2292 3589 eon·

464 3627 617 3712 scriptas,
639 3626 689 3692 val
710 3627 847 3709 litteras,
869 3647 947 3711 quae
970 3628 1134 3692 exercendi
1157 3647 1271 3692 caussa
1292 3629 1565 3710 consignabantur,
1586 3630 1635 3693 vel
1660 3629 1814 3694 rhetorica
1835 3639 2003 3715 praecepta
2024 3637 2056 3694 et
2078 3630 2224 3696 cuiusvis
2241 3644 2292 3708 ge-

464 3730 550 3794 neris
578 3731 815 3810 commentaria,
846 3747 926 3813 quae
951 3729 986 3794 in
1011 3729 1129 3795 acholio
1156 3751 1195 3794 ex
1222 3733 1432 3816 praeceptoris
1455 3752 1507 3795 ore
1529 3732 1648 3796 calamo
1672 3733 1872 3816 excipiebant
1898 3731 2060 3817 discipuli,
2080 3732 2135 3796 vel
2158 3729 2291 3811 denique

464 3834 602 3896 tironum
622 3831 883 3916 scriptiuncules,
905 3851 986 3916 quae
1005 3831 1047 3896 ad
1071 3832 1231 3918 exemplar
1252 3830 1504 3898 lucubrationum
1527 3836 1667 3916 magistri
1691 3833 1850 3898 conlectae
1873 3843 1976 3912 erant,
1999 3857 2054 3919 pro
2077 3836 2163 3899 veris
2187 3838 2220 3898 et
2238 3848 2291 3912 gc·

465 3935 572 3999 nuinis
599 3933 846 3998 clarissimorum
865 3936 1004 3999 virorum
1025 3935 1156 4000 baberet
1177 3934 1275 3999 libris.
1300 3935 1356 4019 (Cf.
1374 3935 1484 3999 Luaac.
1507 3936 1545 4000 de
1564 3935 1701 4018 digamia
1720 3935 1857 4001 Socratis
1877 3957 1906 4021 p.
1925 3937 2007 4018 151.)
2052 3936 2085 4001 Si
2107 3957 2184 4002 vere
2208 3928 2291 4016 quod

465 4035 562 4101 altero
588 4035 656 4100 loco
678 4038 785 4121 posui,
812 4035 971 4120 duplicem
998 4039 1178 4122 scriptionis
1206 4044 1367 4101 auctorem
1398 4037 1436 4102 de
1458 4038 1614 4102 industria
1635 4038 1838 4122 consultoque
1860 4039 1951 4103 titulo
1978 4039 2169 4124 inscriptum
2197 4035 2289 4098 luisse

463 4159 592 4221 censes,
613 4137 671 4202 hoc
693 4137 942 4202 animadvertere
958 4138 1003 4202 Te
1024 4139 1109 4220 volo,
1131 4139 1214 4224 apud
1230 4145 1352 4202 veteres
1374 4160 1436 4205 non
1460 4143 1643 4204 inusitatum
1666 4141 1779 4221 fuisse,
1802 4148 1837 4204 ut
1859 4141 2027 4225 scriptores
2049 4142 2183 4224 quidam
2196 4135 2288 4202 variis

464 4241 607 4326 perducti
630 4242 750 4305 caussis
771 4261 846 4304 suos
861 4241 1006 4324 aequales
1020 4240 1178 4305 simulatis
1193 4241 1372 4306 nominibus
1387 4242 1540 4306 fallerent.
1575 4242 1683 4326 Neque
1698 4245 1780 4306 enim
1798 4242 1943 4328 discipuli
1959 4243 2059 4308 solum
2079 4237 2287 4329 praeceptoris

463 4349 520 4407 aut
540 4345 658 4408 tirones
684 4344 826 4426 magistri
852 4362 983 4422 nomen,
1008 4363 1070 4427 quo
1097 4343 1203 4429 plures
1230 4341 1356 4408 libellus
1383 4365 1461 4409 suus
1482 4343 1623 4409 alliceret
1649 4353 1821 4428 emptores,
1849 4365 1991 4426 arrogare
2019 4346 2079 4410 sibi
2108 4342 2285 4430 potuerunt,

465 4444 522 4510 sed
544 4448 637 4510 etiam
658 4443 758 4509 invidi
779 4443 921 4509 homines
944 4451 976 4510 et
996 4446 1095 4530 iniqui
1118 4446 1247 4510 aliarum
1272 4445 1506 4530 disciplinarum
1528 4447 1649 4510 iudices
1672 4439 1859 4512 adversariis
1882 4448 1947 4510 suis
1970 4448 2064 4513 libros
2087 4443 2284 4517 affinxerunt,

391 4541 396 4552 ⁸
465 4548 580 4633 quibus
609 4548 722 4612 bonam
751 4547 876 4612 illorum
903 4549 1164 4612 existimationem
1193 4548 1284 4633 plane
1307 4555 1497 4629 everterent,
1524 4569 1661 4632 suaeque
1692 4549 1876 4633 disciplinae
1904 4549 2030 4620 laudem
2052 4549 2145 4614 malis
2168 4545 2283 4612 artibus

463 4655 623 4733 augerent
671 4649 782 4715 Utrum
812 4669 887 4714 vero
915 4653 1091 4736 quempiam
1123 4652 1342 4729 commoverit,
1370 4657 1406 4714 ut
1434 4659 1489 4714 aut
1519 4671 1621 4715 errore
1652 4651 1800 4735 deceptus
1830 4659 1886 4716 aut
1914 4651 1953 4715 de
1985 4650 2141 4715 industria
2170 4642 2282 4730 duplici

464 4758 588 4818 auctore
611 4753 813 4837 scriptionem
827 4752 966 4836 aliquam
988 4753 1133 4832 donaret,
1156 4754 1187 4817 id
1209 4755 1242 4816 in
1264 4752 1409 4838 plurimis
1433 4756 1552 4817 caussis
1568 4774 1630 4818 nou
1647 4756 1706 4817 erit
1721 4753 1972 4818 discernendum.
2003 4753 2198 4818 Alterutrum
2212 4763 2281 4810 vero

325 4921 329 4926 ,
462 4861 519 4920 aut
540 4853 705 4920 consilium
726 4860 780 4918 aut
803 4875 939 4920 errorem
962 4875 1105 4920 caussam
1128 4857 1242 4934 luisse,
1264 4876 1321 4918 cur
1347 4854 1503 4919 simulatis
1526 4856 1574 4919 vel
1603 4855 1691 4919 falsis
1718 4857 1901 4950 auctoribus
1929 4855 2001 4920 libri
2023 4855 2280 4940 supponerentur,

462 4960 571 5040 negari
592 4959 711 5041 nequit.
743 4957 915 5022 Universae
932 4958 1119 5022 Graecorum
1142 4957 1309 5041 epistolas,
1331 4955 1585 5042 philosophorum
1600 4965 1789 5022 testamenta
1805 4959 1909 5022 ellicta
1923 4978 1991 5022 esse
2007 4957 2127 5038 iudico,
2148 4959 2279 5032 itemque

463 5063 620 5124 orationes
642 5059 796 5142 singulas,
818 5079 897 5144 quae
919 5059 1010 5124 modo
1025 5059 1177 5124 Andocidi
1200 5060 1292 5125 modo
1307 5059 1434 5124 Isocrati
1451 5059 1711 5124 adscribebantur
1733 5062 1783 5141 (cl.
1800 5061 1927 5126 Aristot.
1943 5060 2025 5146 apud
2041 5060 2168 5142 Dionys.
2184 5050 2277 5120 Halic.

463 5162 543 5247 opp.
556 5162 691 5246 etSylb.
707 5182 738 5247 p.
756 5162 825 5226 102.
843 5161 914 5245 lt).
945 5163 995 5226 lta
1016 5164 1185 5226 ementitus
1208 5170 1257 5226 est
1278 5162 1454 5246 Polycrates
1477 5161 1624 5246 Sophiste
1646 5166 1815 5228 orationem
1837 5165 1869 5226 in
1892 5161 2062 5228 Socratem.
2086 5163 2182 5246 (Diog.
2197 5148 2276 5220 lall-
