4866 6178
997 353 1207 418 ..17-

186 540 295 639 δάραν.
338 547 470 612 Etiamsi
493 547 588 628 igitur
615 545 683 608 sive
709 543 848 625 vulgaris
873 542 982 608 Attica
1008 543 1075 606 sive
1108 543 1231 625 politica
1257 543 1390 606 vocativi
1417 541 1531 621 torma,
1559 541 1587 604 si
1613 539 1691 604 tides
1720 545 1770 603 est
1797 540 2021 620 grammaticis,

184 653 218 718 in
248 676 264 714 ν
297 651 377 731 exit,
402 653 511 714 tamen
539 666 643 730 neque
670 645 729 710 hoc
752 644 859 710 Iliadis
881 643 948 710 loco
971 667 1001 733 μ
1023 643 1102 725 231,
1129 661 1233 726 neque
1256 633 1377 723 ἱ4ίθ,
1399 642 1454 707 ubi
1476 641 1670 706 Zenodotum
1691 627 1881 728 Πολυδάμαν
1907 640 2020 723 legisse

187 756 281 822 dccet
290 751 477 831 Scholiasta,
491 767 594 832 nequa
607 771 631 810 ν
645 747 716 812 751.
730 752 823 812 autc.
836 745 908 812 285.
925 765 963 810 aa
974 743 1226 812 Chamaeleontis
1241 744 1459 810 emendatione
1474 763 1553 829 opus
1565 748 1624 826 est,
1640 762 1734 826 quam
1749 747 1856 807 tamen
1871 763 1944 806 eum
1957 763 2021 808 ιοι

188 857 321 922 solum
312 875 345 920 ιι
368 853 515 918 omnibus
536 849 599 915 illis
615 849 824 930 versibus,
799 869 828 912 m
849 848 910 914 sibi
933 853 1082 912 constans
1097 852 1165 910 erat
1178 845 1421 930 Peripateticus,
1444 844 1499 910 sed
1514 846 1639 909 etiam
1631 865 1664 908 ιι
1688 841 2020 928 consulturos.

188 958 370 1024 adhibuisse
398 954 548 1035 arbitror,
574 951 631 1016 ubi
658 972 678 1014 a
705 971 781 1016 casu
808 955 893 1014 recto
915 937 1088 1038 Λαοδάμας
1115 940 1319 1014 derivatus
1297 973 1322 1010 ω
1343 936 1501 1036 Λαοδάμα
1528 945 1642 1029 legitur
1667 947 1848 1028 vocativus,
1876 945 2019 1030 adquae

186 1061 360 1146 respiciens
382 1055 487 1122 Schol.
511 1057 547 1120 A.
571 1053 657 1120 ilc.
682 1051 743 1116 285
765 1051 858 1116 dicit:
897 1039 1102 1140 Πουλυδάμα·
1130 1039 1248 1114 έδει
1218 1074 1270 1114 συν
1291 1053 1385 1125 τῷ
1364 1073 1378 1110 ν
1404 1037 1623 1137 Πουλυδάμαν·
1656 1056 1777 1112 τοιοῦτο
1804 1037 1839 1110 δὲ
1861 1047 1912 1110 καὶ
1933 1044 2020 1110 Λαυ-

188 1153 272 1252 δάμα
292 1159 374 1248 παρὰ
394 1159 448 1222 τάν
470 1153 555 1245 ὀρθὰν
577 1155 739 1245 λόχοι-
697 1152 939 1237 -Sequamur
960 1171 1034 1217 vero
1061 1150 1157 1216 bac
1148 1173 1182 1217 ιι
1204 1172 1238 1215 ιο
1266 1150 1363 1216 dubia
1382 1148 1602 1216 Aristarchum
1625 1155 1789 1234 tamquam
1811 1147 1939 1230 ducem,
1966 1151 2020 1233 qui

186 1264 310 1330 illam
301 1284 335 1328 ιι
362 1286 378 1323 ν
405 1265 574 1324 exeuntem
602 1254 884 1321 aChamaeleonte
910 1255 1046 1319 Homero
1075 1253 1237 1318 obtrusam
1263 1253 1400 1316 vocativi
1427 1253 1557 1318 sormam
1589 1251 1809 1337 repudiaverit
1854 1251 1942 1328 Quod
1964 1270 2021 1316 cur

185 1368 315 1432 lecisset
328 1359 529 1429 Aristarchus
551 1359 602 1424 W.
617 1357 842 1424 Ribbeclrius
833 1378 866 1421 ru
881 1355 1050 1421 Zenodot
1009 1362 1068 1420 ters
1075 1371 1188 1438 ,quae
1203 1353 1362 1438 Philologo
1385 1356 1520 1419 inseruit
1541 1353 1635 1436 (VIII.
1650 1354 1680 1417 4.
1696 1375 1765 1438 pag.
1782 1351 1882 1437 692),
1904 1355 2019 1417 iustam

186 1487 333 1535 caussam
353 1464 505 1528 invenit
496 1483 530 1526 ιι
552 1463 716 1544 utriusque
738 1458 874 1524 vocativi
895 1459 1043 1522 numeris.
1078 1456 1255 1539 Utrumque
1271 1456 1356 1520 enim
1378 1457 1501 1522 efficere
1525 1456 1616 1520 docet
1636 1455 1767 1541 plenum
1788 1454 2020 1532 choriambum,-

185 1575 258 1657 post
278 1545 459 1632 vocativum
482 1563 535 1647 qni
558 1583 597 1626 ex
619 1566 768 1646 quattuor
788 1559 919 1644 syllabis
942 1565 1101 1624 constaret
1123 1553 1286 1624 caesuram
1309 1564 1404 1642 atque
1423 1558 1592 1643 aliquam
1583 1559 1824 1644 impressionem
1843 1557 1994 1623 formari
1985 1577 2019 1622 ιι

186 1693 242 1738 ora
241 1673 341 1746 tione;
368 1665 545 1750 meliusque
574 1665 774 1748 acquiescere
804 1682 897 1748 posse
924 1662 1147 1725 recitantem
1138 1681 1172 1724 ιι
1200 1660 1293 1743 longa
1319 1659 1421 1724 vocali
1449 1681 1543 1744 quam
1564 1662 1597 1726 in
1625 1659 1752 1726 occlusa
1777 1658 1865 1724 brevi
1887 1657 2017 1742 syllaba

185 1774 272 1838 Ilaec
299 1769 379 1850 illis,
407 1771 462 1852 qui
488 1767 618 1832 musicis
646 1765 775 1830 auribus
796 1783 946 1828 versuum
975 1783 1067 1828 sonos
1094 1762 1266 1846 modosque
1293 1762 1469 1844 imbibunt,
1493 1760 1669 1847 probabilia
1694 1760 1905 1843 videbuntur,
1926 1781 2017 1847 prae·

187 1874 297 1938 sertim
318 1891 418 1955 quum
440 1871 566 1934 etiam
557 1889 591 1933 ιι
605 1866 821 1952 Xenophontis
835 1865 1008 1942 Helleuicis
1030 1865 1081 1930 VI.
1101 1866 1135 1948 1,
1156 1866 1177 1928 4
1199 1865 1285 1930 nullo
1307 1869 1502 1950 repugnante
1526 1863 1634 1930 codice
1656 1887 1681 1927 ω
1663 1851 1869 1952 Πολυδάμα
1887 1862 2016 1946 legatur.

255 1993 259 2006 ’
339 1971 375 2036 ll.
398 1995 424 2034 τ.
448 1971 498 2036 62.
523 1959 693 2058 δυσμενέων
714 1969 772 2032 trad
794 1969 891 2057 χερσὶν
913 1969 993 2057 ἐμοῦ·
1007 1967 1253 2056 ἀπομηνίσαντος.
1296 1967 1343 2032 Ex
1365 1967 1534 2032 Aristonici
1559 1966 1639 2032 libro
1662 1965 1701 2030 de
1723 1964 1899 2030 Aristarchi
1920 1967 2019 2049 signis
2062 1966 2092 2032 3.

186 2080 219 2142 in
243 2076 309 2141 cod.
332 2075 411 2138 Ven.
433 2074 472 2140 A.
495 2071 636 2136 transiit:
663 2059 804 2142 badicho
831 2071 877 2134 ὅτι
905 2070 971 2134 ἀντὶ
996 2077 1051 2132 τοῦ
1078 2069 1135 2132 ὑπὸ
1156 2078 1261 2157 χειρῶν
1288 2069 1338 2131 καὶ
1365 2068 1411 2132 ὅτι
1433 2068 1555 2156 πτρισοη
1578 2073 1597 2139 ἠ
1627 2068 1696 2130 ἀπθ
1717 2064 1853 2156 πρόθεσις
1875 2067 1941 2130 ἀντὶ
1961 2075 2017 2131 τοῦ

187 2179 377 2269 μηνίσαντος,
401 2175 517 2260 quibus
539 2173 629 2238 addit
644 2173 710 2238 cod.
727 2173 906 2237 Victorinus
927 2169 1112 2261 Χαμαιλέων
1135 2161 1170 2234 δὲ
1191 2169 1297 2260 γράφει
1320 2171 1553 2259 έπιμηνίσαντος.
1585 2169 1653 2234 Iam
1674 2168 1770 2254 igitur
1790 2173 1864 2234 anta
1879 2170 2017 2234 Aristar·

186 2281 280 2347 chum
302 2276 576 2344 Chamaeleontem
599 2275 651 2340 hic
674 2274 761 2340 locus
784 2273 970 2354 offenderat,
998 2293 1060 2339 non
1087 2281 1153 2337 tam
1174 2279 1301 2358 propter
1322 2293 1453 2337 casuum
1479 2273 1702 2354 mutationem,
1730 2273 1863 2336 sirecte
1886 2273 2017 2354 conicio,

186 2404 282 2467 qnam
308 2387 437 2467 propter
467 2378 707 2466 ἀπομηνίσαντος
727 2375 932 2456 vocabulum,
962 2375 1045 2459 quod
1069 2377 1302 2460 praepositione
1325 2374 1385 2438 ἀπὸ
1411 2374 1503 2440 lacile
1530 2381 1659 2440 careret
1703 2372 1794 2452 Quod
1816 2393 1915 2458 quum
1937 2372 2016 2438 bene

184 2483 385 2566 intellegeret
407 2480 614 2546 Chamaeleon
637 2480 865 2568 impuriensem
892 2477 1034 2562 scripsit,
1060 2497 1141 2561 quae
1163 2497 1224 2542 vox
1250 2476 1364 2561 legitur
1390 2478 1423 2540 in
1445 2476 1481 2542 ss.
1504 2500 1529 2542 ν,
1552 2475 1615 2542 460
1643 2477 1689 2540 ἀεὶ
1716 2475 1773 2566 γὰρ
1794 2473 1923 2565 Πριάμῳ
1950 2475 2017 2540 trra-

187 2587 273 2676 μνίνιτ
295 2575 358 2666 lla
395 2585 431 2648 ln
455 2602 491 2648 oo
513 2602 586 2647 vero
610 2580 694 2666 quod
708 2582 889 2648 Victorinus
904 2577 1000 2644 habet
1021 2579 1062 2644 ad
1083 2601 1119 2662 η,
1133 2579 1196 2643 230
1218 2579 1415 2668 ἀπομηνίσας·
1437 2575 1626 2667 Ἀρίσταρχος
1647 2579 1820 2667 θπιμηνίσοις
1842 2577 2018 2644 Scholiasta

185 2695 241 2752 aut
262 2705 384 2752 errasse
405 2684 533 2749 videtur
554 2691 610 2748 ant
631 2678 850 2748 Aristarchum
873 2681 1125 2747 Chamaeleontis
1151 2681 1403 2746 emendationem
1424 2680 1517 2745 laude
1545 2701 1604 2744 sua
1624 2679 1862 2745 commendasse
1884 2680 2015 2749 creden·

187 2791 264 2855 dum
286 2795 344 2854 est
389 2789 492 2865 Quum
514 2787 596 2850 enim
620 2785 822 2850 Aristarchus
845 2785 1107 2870 praepositionem
1128 2783 1188 2848 ἀπό
1211 2784 1250 2848 ad
1280 2785 1469 2847 sententiam
1491 2780 1571 2846 nihil
1591 2780 1696 2846 valere
1718 2785 1783 2846 iam
1802 2783 2016 2868 perspexisset

187 2899 219 2957 ct
239 2892 272 2956 in
295 2890 332 2956 Il.
356 2911 385 2969 s,
411 2890 449 2952 17
472 2907 580 2953 vocem
603 2889 737 2976 έπιμηνις
763 2888 945 2952 inversum
972 2887 1159 2971 recepisset,
1187 2883 1366 2950 Scholiasta
1390 2885 1570 2950 Victorinus
1597 2883 1688 2948 lacile
1715 2885 1750 2949 in
1777 2903 1850 2948 eum
1878 2905 2016 2949 errorem

185 2996 289 3081 potuit
313 2991 469 3072 incidere,
490 2998 526 3055 ut
551 2987 731 3054 Aristarcho
748 2987 941 3055 adscriberet
962 2988 1229 3068 emendationem,
1252 3007 1346 3072 quam
1368 3006 1387 3051 a
1408 2985 1648 3051 chamaeleonte
1674 2986 1846 3072 proiectam
1868 3007 1938 3051 esse
1961 3006 2015 3051 su·

186 3099 298 3182 spicer.
338 3094 396 3170 (Cl.
419 3091 526 3158 Lahrs.
551 3091 589 3156 de
609 3091 780 3156 Aristarch.
801 3090 883 3155 stud.
902 3091 990 3156 ilem.
1007 3109 1076 3175 pag.
1095 3088 1175 3172 118.)

337 3197 488 3261 Perverse
512 3196 576 3278 egit
597 3193 805 3259 Chamaeleon
827 3195 861 3256 in
882 3213 977 3257 versu
998 3191 1087 3256 lliad.
1110 3185 1145 3276 ψ,
1167 3191 1218 3256 94.
2058 3189 2088 3253 4.

696 3293 792 3358 Tiasa
815 3316 880 3382 μοι,
902 3291 987 3364 ηθείη
1010 3293 1142 3381 κεραλιί,
1166 3282 1242 3382 δεῦρ’
1265 3291 1449 3369 εἰλήλουθας.

185 3401 231 3468 Ex
254 3401 424 3466 Aristonici
447 3401 579 3488 σημείοις
600 3397 756 3462 transiit
748 3417 780 3460 ιι
804 3394 877 3460 Cod.
899 3395 1124 3462 V:enetumA
1146 3393 1231 3467 ἠθείη
1254 3395 1379 3484 ratpald·
1399 3395 1604 3484 προσφώνησις
1630 3392 1728 3456 νέου
1717 3393 1789 3481 πρδς
1809 3417 1833 3458 π
1833 3394 2039 3483 pectet-apos·

118 3542 121 3550 ·
187 3497 1165 3588 (or.ChoerobosciorthogrstrnCram..Anccd.0xon.11
1188 3498 1306 3585 pilo.
1330 3494 1500 3572 ἡθείοςι-
1521 3492 1616 3566 hand
1630 3503 1686 3558 τοῦ
1700 3487 1772 3570 ἦθος
1786 3493 1893 3586 γέγονε
1906 3491 2038 3570 ηθτιος·

187 3606 322 3692 σημαίνει
350 3593 384 3668 δὲ
410 3603 620 3692 φιλοφρόνησιν
647 3601 707 3664 ἀπδ
734 3599 879 3688 νεωτέρου
907 3605 947 3675 τίς
968 3599 1116 3664 παλαιθττ
1117 3599 1187 3689 ρον.)
1214 3589 1306 3672 δῆλον
1333 3599 1380 3664 ὅτι
1400 3597 1595 3688 πριοβίτσρυς
1616 3595 1769 3686 Ἀχιλλέως
1790 3601 1806 3660 d
1828 3595 2014 3686 Πάτροκλος·

187 3703 373 3793 Χαμαιλέων
394 3704 501 3795 γράρτι
524 3730 548 3768 ω
530 3699 636 3775 θείη
658 3701 785 3792 κεφαλή·
807 3705 926 3791 γελοῖον
949 3691 983 3766 δὲ
1006 3701 1054 3766 tal
1075 3711 1172 3790 νεαρῷ
1185 3701 1222 3766 rc*
1238 3699 1309 3772 θιίη·
1333 3691 1411 3764 δι’
1393 3724 1413 3773 η
1429 3694 1531 3772 διπλῆ.
1565 3698 1771 3764 Aristarchus
1786 3701 2014 3784 opinorversui

187 3809 312 3892 signum
335 3815 523 3893 apposuerat
543 3811 670 3892 propter
690 3805 890 3870 temerariam
911 3802 1162 3868 Chamaeleontis
1184 3803 1453 3884 emendationem,
1475 3823 1570 3887 quam
1592 3808 1699 3866 utrum
1719 3802 1778 3867 hoc
1797 3799 2013 3867 tautummodo

186 3909 256 3973 loco
279 3928 320 3972 an
342 3911 437 3973 stiam
458 3931 493 3996 χ,
526 3908 597 3974 229.
621 3931 654 3987 κ,
685 3906 725 3972 37
754 3905 949 3986 adhibuerit,
979 3905 1112 3972 dubium
1138 3911 1201 3984 σοις
1230 3907 1357 3990 utrique
1384 3911 1468 3970 certe
1496 3905 1617 3985 versui,
1646 3906 1674 3969 si
1696 3903 1770 3969 Cod.
1794 3905 1831 3970 A.
1854 3903 1932 3969 fides
1955 3911 2013 3985 est,

186 4009 383 4077 Aristarchia
404 3998 497 4081 διπλῆ
517 4016 585 4075 erat
605 4010 767 4094 adscripta
788 4009 834 4070 ὅτι
857 4006 1001 4090 νεωτέρου
1022 4007 1093 4096 πρὸς
1114 4007 1310 4096 πρεσβύτερον
1331 4006 1457 4076 σεπτικῆ
1478 4005 1682 4095 προορώνησίς
1703 4007 1767 4070 ἐστι
1787 4005 1823 4068 cd
1845 4001 1934 4076 ἠθεῖε.
1965 4004 2012 4069 Ι)σ

188 4111 387 4194 discrimine,
410 4110 494 4194 quod
517 4115 684 4177 interesset
705 4113 788 4176 inter
803 4109 936 4176 Achillis
950 4109 1148 4192 Patroclique
1171 4115 1320 4191 aetatem,
1342 4107 1552 4174 Chamaeleon
1573 4107 1652 4172 nihil
1674 4105 1772 4172 scisse
1788 4106 1927 4189 videtur,
1949 4109 2013 4190 qui,

187 4219 345 4301 permotus
368 4213 499 4278 sortasse
521 4213 669 4297 Aeschyli
690 4213 812 4293 tabula,
838 4211 1018 4278 Patroclum
1038 4211 1172 4278 Achillis
1198 4213 1368 4292 amasium,
1396 4229 1527 4294 eamque
1550 4207 1590 4274 cb
1612 4230 1756 4275 caussam
1778 4229 1843 4276 nen
1862 4211 2014 4275 maiorem

187 4317 244 4382 sed
265 4319 419 4382 minorem
440 4315 564 4381 Achille
586 4316 683 4379 luisse
706 4314 882 4380 crediderit.
928 4313 985 4397 (Cl.
1008 4313 1115 4380 Lebrs.
1140 4313 1178 4378 de
1199 4313 1297 4379 Arist.
1320 4311 1403 4378 stud.
1426 4314 1551 4378 Homer.
1574 4332 1643 4396 pag.
1668 4309 1750 4392 188.)

340 4418 391 4486 Ad
412 4417 520 4482 iliadis
541 4437 652 4482 versus
674 4411 710 4502 ψ,
732 4417 804 4482 453.

728 4555 770 4566 ·-
793 4518 945 4608 ρράσσσιτο
968 4507 1086 4582 δ’ίππον
1108 4516 1271 4607 ἀριπρεπέα
1290 4517 1460 4607 προῦχοντα

645 4619 676 4696 dc
696 4621 733 4684 τθ
756 4619 810 4711 μὲν
832 4617 909 4685 ἄλλο
930 4619 1019 4684 τθσυν
1041 4609 1136 4709 potari
1156 4613 1207 4700 ἦν,
1230 4619 1261 4683 έν
1284 4609 1317 4682 δὲ
1340 4619 1471 4708 μετώπῳ

644 4723 752 4788 λευκὸν
774 4721 842 4811 σῆμ’
865 4721 1009 4786 ἐτέτυκτο
1031 4723 1219 4810 περίτροχον,
1240 4725 1316 4792 ἠύτε
1338 4722 1425 4810 μήνη.

340 4826 518 4894 Scholiasta
539 4823 663 4890 Codicis
685 4827 794 4891 Venet.
818 4825 856 4890 ll.
879 4823 1075 4890 bessarionis
1097 4823 1279 4909 adscripsit,
1302 4823 1576 4889 Chamaeleontem
1598 4844 1694 4908 equos
1716 4826 1762 4889 ita
1782 4826 1919 4906 signatos
1941 4820 2011 4908 plu·

188 4931 261 4994 ιίιιί
282 4933 463 4996 aestimatos
486 4949 556 5013 osse
578 4926 663 5013 apud
684 4935 807 4992 veteres
829 4927 984 4992 docuisse.
1022 4923 1205 5016 Χαμαιλέων
1232 4915 1266 4988 δέ
1288 4946 1358 5013 ρησι
1379 4926 1450 5000 τοὺς
1470 4925 1625 5001 τοιούτους
1645 4929 1752 5000 ἵππους
1773 4925 1908 5014 ἀρίστους
1929 4921 2010 4988 εἶναι

191 5029 246 5094 Cui
262 5031 510 5096 Chamaeleontis
533 5031 648 5096 iudicio
670 5031 876 5096 adversantur
895 5031 942 5092 rei
965 5031 1110 5112 aquariae
1132 5031 1317 5114 scriptores,
1340 5027 1393 5112 qui
1414 5029 1521 5112 nigros
1544 5030 1679 5112 optimos
1701 5035 1733 5092 et
1754 5029 1922 5092 acerrimos
1941 5046 2009 5090 esse

190 5130 339 5198 iudicant.
378 5133 456 5199 Ιθιιι
470 5135 509 5200 ob
526 5153 672 5198 caussam
693 5139 855 5198 enarrator
873 5137 964 5196 vetus
978 5132 1093 5222 πηγοὺς
1106 5131 1226 5210 ἵππους,
1252 5132 1305 5214 qui
1318 5130 1464 5214 leguntur
1478 5129 1513 5196 ll.
1531 5154 1549 5208 ι,
1568 5129 1644 5211 124,
1666 5128 1795 5219 μέλανας
1809 5129 1906 5194 luisse
1922 5127 2008 5194 dicit
