4866 6178
542 997 623 1086 DE
656 995 1141 1088 CHAMAELEONTE
1171 995 1622 1086 PERIPATETICO.

1006 1273 1155 1280 ,ᾑ-

305 1496 539 1612 'Quamquam
567 1527 686 1591 multae
712 1546 771 1590 nec
798 1547 853 1590 eae
882 1526 1196 1612 contemnendae,ex
1218 1525 1468 1592 Chamaeleontis
1496 1527 1621 1612 scriptis
1649 1534 1758 1592 extem
1783 1528 1933 1612 reliquiae
1963 1537 1995 1596 et

166 1633 328 1698 luculenta
342 1633 446 1694 variae
469 1631 536 1693 eius
559 1629 718 1694 doctrinae
733 1631 866 1711 vestigia
888 1629 972 1713 apud
986 1633 1109 1692 veteres
1124 1630 1329 1692 inveniuntur
1350 1628 1549 1712 antiquitatis
1563 1631 1765 1715 interpretes:
1786 1629 1866 1724 nihil
1887 1639 1994 1698 umen

146 1735 245 1800 'certi
267 1741 299 1796 et
320 1731 471 1816 explorati
495 1731 533 1796 de
555 1731 621 1795 vita
639 1731 840 1816 Peripatetici
861 1731 1033 1815 reperitur,
1054 1733 1099 1794 ita
1121 1738 1156 1794 ut
1176 1731 1210 1794 in
1226 1731 1487 1814 vituperationem
1510 1733 1625 1795 nimiae
1647 1731 1797 1796 audaciae
1819 1739 1874 1798 aut
1895 1741 1995 1799 teme·

168 1837 269 1900 ritatis
291 1833 375 1919 apud
400 1837 484 1898 viros
506 1833 612 1898 doctos
640 1853 680 1896 ne
702 1835 859 1898 incurram
886 1834 938 1897 vix
967 1853 1091 1908 verear,
1114 1834 1183 1916 qui,
1206 1853 1303 1916 qnnm
1325 1833 1458 1898 solidam
1481 1840 1512 1896 et
1534 1854 1715 1917 expressam
1737 1836 1804 1898 eius
1826 1838 1995 1918 imaginem

168 1937 335 2021 depingere
363 1957 532 2020 nequeam,
561 1955 641 2018 quas
669 1933 710 1998 ad
736 1933 883 1999 lacunam
912 1935 998 1999 illam
1026 1937 1059 1998 in
1087 1935 1265 1999 litterarum
1290 1956 1473 2018 graecarum
1503 1934 1635 1999 historia
1660 1935 1849 2020 explendam
1874 1937 1995 2022 aliquid

167 2039 269 2104 facere
290 2037 456 2102 videantur
478 2036 661 2102 conicieudo
683 2038 808 2120 assequi
832 2057 925 2102 coner
947 2043 979 2100 et
1000 2037 1175 2121 probabilia
1196 2058 1251 2122 pro
1273 2040 1368 2101 certis
1390 2039 1423 2101 in
1445 2037 1586 2102 medium
1608 2038 1745 2122 prolerre
1767 2039 1910 2104 audeam.

318 2141 422 2217 Quum
443 2159 521 2204 vero
538 2138 697 2225 plerisque
718 2141 773 2204 ubi
795 2142 828 2203 in
845 2138 1094 2204 Chamaeleontis
1116 2159 1229 2204 nornen
1244 2139 1414 2204 incidimus
1436 2139 1513 2204 locis
1535 2145 1567 2203 et
1580 2139 1826 2224 Peripateticum
1849 2147 1880 2206 et
1894 2141 1994 2206 Hera·

167 2242 297 2306 oleotarn
318 2242 486 2306 Ponticum
507 2241 702 2326 appellatum
721 2243 920 2306 inveniamus
942 2243 1127 2326 scriptoram
1153 2261 1299 2323 graecum
1322 2240 1449 2325 (Athen.
1465 2241 1522 2322 lli,
1543 2241 1616 2306 406.
1650 2243 1693 2322 X,
1715 2241 1804 2325 473),
1826 2242 1995 2328 disputatio

165 2351 272 2410 nostra
293 2343 333 2408 ab
356 2342 414 2408 hac
438 2345 621 2426 quaestione
644 2343 769 2408 initium
791 2343 910 2426 capiet,
940 2363 1016 2407 rrum
1039 2342 1115 2426 quid
1138 2363 1177 2407 ex
1198 2352 1330 2428 utroque
1351 2342 1406 2408 illo
1429 2351 1633 2426 cognomento
1655 2351 1711 2408 aut
1733 2343 1772 2408 de
1794 2351 1910 2427 aetate,
1933 2365 1996 2430 qua

166 2447 279 2512 vixerit
301 2445 526 2526 Chamaeleon,
553 2453 609 2510 ant
635 2445 674 2510 de
696 2445 872 2512 studiorum
900 2448 1035 2527 ratione,
1062 2465 1157 2531 quam
1180 2451 1305 2510 secutus
1328 2448 1385 2526 sit,
1407 2454 1462 2509 aut
1484 2445 1619 2528 denique
1642 2445 1680 2510 de
1702 2452 1767 2510 toto
1789 2449 1873 2511 vitae
1896 2449 1995 2512 curri·

166 2548 253 2628 culo,
275 2548 358 2632 quod
380 2530 423 2612 sit
444 2567 646 2631 permensus,
669 2549 771 2612 cunci
794 2553 896 2631 qu'eat

317 2653 364 2714 Ao
386 2647 524 2735 primu'm
539 2649 684 2733 quidem,
706 2649 789 2733 quod
801 2652 866 2733 ‘qui
880 2649 1125 2734 Peripateticum
1146 2656 1260 2714 vocant
1274 2649 1558 2731 Chamaeleontem,
1573 2671 1611 2713 ex
1627 2650 1806 2714 Aristotelis
1829 2651 1997 2736 disciplina

165 2753 342 2837 proiectum
368 2771 440 2816 enm
468 2772 536 2816 esse
562 2753 756 2834 significant,
783 2751 830 2833 id,
857 2752 920 2815 nisi
946 2751 1020 2816 inde
1046 2761 1118 2838 post
1144 2752 1345 2816 Aristotelem
1373 2773 1446 2816 cnm
1472 2753 1589 2816 vixisse
1617 2755 1770 2834 conicias,
1797 2752 1837 2817 ad
1859 2761 1994 2818 aetatem

166 2857 233 2918 eius
260 2859 407 2918 accurate
438 2852 665 2936 definiendam,
693 2856 746 2918 vix
775 2854 955 2919 satisfaciat.
1007 2854 1082 2918 Plus
1109 2874 1183 2918 vero
1210 2853 1249 2917 ad
1279 2857 1429 2939 temporis
1459 2875 1521 2938 qno
1548 2855 1663 2919 vixerit
1691 2857 1828 2939 spatium
1857 2858 1995 2920 circurn-

164 2953 369 3020 scribendum
395 2955 430 3020 id
450 2955 548 3037 valet,
577 2955 661 3040 quod
686 2955 770 3020 iuter
797 2955 1046 3020 Chamaeleontis
1074 2955 1171 3019 libros
1198 2977 1282 3020 unus
1311 2963 1359 3019 est
1385 2956 1424 3020 de
1452 2956 1628 3042 voluptate,
1658 2959 1749 3022 cuius
1776 2965 1886 3022 auctor
1911 2958 1995 3044 apud

159 3057 362 3123 ‘Athenaeum
383 3055 498 3141 legitur
518 3055 704 3146 Xaparh'ioa
725 3055 745 3128 ἢ
766 3055 967 3147 Θεόφραστος
1005 3058 1074 3134 Qua
1088 3056 1216 3140 quidem
1238 3060 1319 3122 inre
1342 3065 1428 3122 recte
1445 3057 1633 3143 explicanda
1654 3059 1783 3143 longum
1806 3067 1854 3124 est
1875 3080 1995 3124 errores

163 3163 324 3244 persequi,
355 3179 433 3243 quos
460 3159 494 3224 in
523 3163 704 3226 recensione
727 3159 936 3245 Theophrasti
962 3147 1113 3225 librorum
1142 3162 1175 3222 in
1205 3160 1345 3244 Diogene
1366 3159 1489 3225 Laertio
1517 3160 1635 3245 duplex
1662 3161 1717 3226 illa
1744 3163 1909 3247 inscriptio
1937 3162 1994 3227 ad·

163 3263 301 3328 miserit:
324 3261 383 3326 hoc
400 3261 515 3343 dicam,
537 3261 616 3328 duos
634 3261 777 3326 eiusdem
798 3268 890 3345 atque
912 3264 1008 3327 unius
1030 3261 1104 3327 libri
1118 3269 1261 3328 auctores
1283 3262 1368 3348 apud
1383 3269 1505 3326 veteres
1521 3263 1605 3328 haud
1627 3285 1696 3328 raro
1710 3266 1882 3346 nominari,
1904 3268 1995 3330 cuius

163 3365 209 3428 rei
231 3363 386 3450 exempla,
407 3363 463 3430 ubi
486 3364 525 3428 de
542 3363 622 3430 libro
644 3353 836 3452 trapitionta
858 3366 1013 3448 copiosius
1036 3385 1142 3447 agam,
1165 3364 1283 3447 largius
1304 3367 1416 3429 allerra
1436 3365 1514 3429 mihi
1536 3367 1570 3428 in
1592 3368 1696 3430 animo
1719 3377 1776 3432 est.
1810 3365 1847 3430 ld
1870 3387 1994 3451 quoque

165 3465 303 3547 axillis,
330 3487 407 3551 quos
429 3467 474 3532 ibi
500 3486 690 3551 proponam,
719 3465 872 3531 librorum
899 3465 1000 3530 titulis
1028 3462 1190 3551 apparere
1207 3466 1357 3548 arbitror,
1384 3487 1481 3536 uuam
1508 3467 1715 3552 principalem
1742 3489 1811 3532 esso
1841 3489 1995 3550 caussam,

166 3587 222 3630 our
243 3567 377 3632 duorum
399 3568 563 3633 hominum
584 3568 713 3633 nomina
733 3566 822 3633 libris
845 3568 1106 3654 praescripserint
1131 3575 1263 3662 veteres.
1314 3569 1373 3646 Qui
1397 3571 1480 3634 enim
1510 3572 1660 3650 coniciet,
1686 3569 1803 3634 librum
1829 3571 1869 3634 ab
1896 3570 1994 3635 altero

166 3669 377 3754 conscriptum
391 3670 481 3735 alieri
504 3691 540 3736 eo
556 3670 687 3736 consilio
702 3670 901 3756 suppositum
916 3691 1000 3752 esse,
1022 3678 1059 3735 ut
1081 3670 1136 3756 qui
1151 3670 1305 3754 legerent,
1328 3671 1455 3736 subdito
1470 3671 1607 3736 auctoris
1621 3672 1748 3736 nomina
1764 3671 1995 3757 deciperentur,

165 3789 236 3834 eum
258 3769 292 3834 in
307 3771 439 3854 singulis
454 3773 643 3857 quibusdam
658 3776 778 3838 caussis
798 3795 818 3837 a
831 3793 903 3837 vero
918 3771 1004 3837 haud
1019 3772 1108 3854 longe
1125 3774 1270 3838 aberrare
1285 3773 1464 3838 fatebimur.
1494 3773 1577 3837 Nam
1591 3776 1717 3860 saepius
1733 3774 1862 3857 quidem
1876 3775 1996 3840 facturn

164 3891 234 3936 csse
257 3872 341 3956 apud
362 3879 501 3956 veteres,
523 3881 574 3956 ut,
597 3876 650 3959 qni
672 3874 814 3940 scholam
835 3874 972 3958 aliquam
994 3874 1252 3960 philosophorum
1275 3895 1314 3938 ex
1336 3874 1515 3959 aequalium
1543 3877 1688 3959 opinione
1715 3896 1844 3960 prorsus
1871 3876 1995 3942 deicere

165 3979 197 4037 et
222 3973 390 4038 deturbare
417 3975 595 4058 studerent,
622 3977 674 4042 vel
700 3979 824 4063 parenti
851 3978 918 4042 cius
944 3997 980 4041 ac
1009 3976 1161 4042 conditori
1184 3977 1235 4041 vel
1262 3979 1429 4062 praecipuo
1464 3977 1589 4042 cuidam
1618 3980 1766 4060 magistro
1795 3999 1832 4042 ac
1859 3981 1995 4064 principi

162 4076 394 4159 nequissimum
421 4077 558 4162 aliquem
584 4079 701 4145 librum
729 4086 958 4165 supponerent,
986 4083 1041 4164 qui
1069 4082 1138 4144 eius
1166 4079 1349 4163 dignitatem
1378 4087 1410 4144 et
1436 4082 1700 4146 existimationem
1725 4080 1818 4164 plane
1840 4085 1997 4144 everterat

162 4180 328 4262 ipsumque
352 4177 536 4263 despectum
550 4183 632 4266 apud
648 4182 792 4246 homiues
814 4187 846 4246 et
860 4188 1075 4267 contemptum
1091 4181 1252 4264 redderet,
1270 4181 1448 4264 aLuaaoio,
1470 4184 1536 4246 viro
1556 4181 1740 4262 clarissimo,
1755 4182 1858 4246 edocti
1874 4202 1995 4263 sumus,

162 4283 216 4363 qni
242 4281 634 4348 miscueruntque
662 4286 785 4369 copiose
814 4303 851 4346 ea
878 4283 916 4348 de
944 4305 978 4348 re
1007 4284 1188 4368 disputavit.
1237 4284 1371 4369 Saepius
1399 4305 1472 4349 vero
1500 4305 1567 4358 uon¹
1585 4285 1625 4349 ab
1653 4286 1791 4349 inimicis
1819 4289 1851 4348 et
1877 4283 1994 4348 invidis

161 4381 277 4467 duplex
300 4404 338 4447 ea
359 4386 521 4469 inscriptio
544 4386 699 4469 prolecta,
722 4385 778 4450 sed
800 4407 839 4450 ex
861 4406 965 4450 errore
988 4385 1124 4470 quodam
1152 4392 1220 4450 orta
1242 4394 1305 4468 est,
1327 4389 1361 4450 in
1384 4407 1478 4470 quem
1499 4386 1582 4451 do'cti
1602 4385 1746 4452 homines
1769 4395 1825 4450 aut
1838 4388 1899 4471 ipsi
1914 4387 1995 4471 lapsi

161 4491 251 4566 sunt,
279 4493 335 4551 aut
362 4506 455 4569 quem
483 4507 581 4570 quum
608 4489 648 4552 ab
675 4487 745 4552 aliis
773 4490 974 4553 commissum
1001 4488 1252 4573 suspicarentur,
1280 4495 1364 4554 certe
1387 4489 1563 4572 significare
1585 4488 1762 4554 voluerunt
1805 4489 1887 4552 Fieri
1910 4491 1995 4553 enim

158 4588 274 4672 potnit,
295 4596 332 4652 ut
354 4588 530 4674 discipulus
551 4591 693 4672 magistri
710 4611 824 4656 nomen
848 4611 884 4655 eo
900 4590 1029 4655 consilio
1044 4591 1290 4675 praescriberet,
1312 4612 1372 4676 quo
1395 4591 1521 4656 facilius
1536 4591 1671 4656 lectores
1692 4593 1849 4656 inveniret
1869 4591 1995 4655 libellus

160 4709 246 4754 snus.
282 4690 370 4768 Quod
392 4691 448 4756 ubi
470 4692 590 4756 lactum
612 4712 681 4758 esse
696 4695 950 4778 suspicarentur,
972 4713 1100 4776 sagaces
1121 4693 1298 4758 litterarum
1319 4693 1457 4772 iudices,
1479 4693 1636 4778 adscripto
1660 4693 1745 4774 eius,
1768 4713 1861 4778 quern
1883 4714 1994 4758 varum

159 4789 231 4855 libri
248 4797 409 4857 auctorem
423 4800 601 4886 arguerent,
616 4794 744 4863 nomine
759 4795 936 4878 significare
952 4795 1104 4861 solebant
1128 4795 1162 4860 Si
1179 4816 1252 4859 varo
1267 4796 1427 4878 malueris,
1443 4795 1563 4860 unllam
1577 4795 1722 4860 fraudem
1737 4815 1807 4860 essa
1822 4796 1995 4860 admissam

159 4892 355 4980 adiscipnlo
386 4894 538 4980 quodam,
566 4903 634 4962 tum
663 4896 858 4962 credendum
884 4901 944 4962 erit
969 4898 1004 4961 in
1031 4897 1256 4982 posterioribus
1284 4901 1402 4962 criticis
1431 4897 1658 4963 dubitationem
1686 4897 1825 4984 aliquam
1853 4903 1994 4962 exortam

160 5013 241 5076 esse,
259 5017 337 5060 num
352 5000 406 5081 qui
420 4999 480 5063 sub
496 4998 643 5085 discipuli
658 5001 785 5064 nomine
800 4999 1016 5064 venditaretur
1031 4999 1168 5082 libellus,
1184 5021 1203 5064 a
1217 5001 1366 5083 magistro
1380 5002 1486 5086 potius
1504 5003 1700 5086 conscriptus
1716 5007 1808 5066 esset
1834 5000 1893 5078 Qui
1908 4999 1994 5063 enim

161 5097 288 5160 iuvenili
310 5104 411 5164 aetate
434 5103 675 5167 conscribuntur
697 5101 811 5184 libelli,
834 5105 855 5167 ii
878 5103 1048 5168 maximam
1071 5109 1192 5188 partem
1219 5105 1442 5184 magistrorum
1469 5111 1501 5167 et
1522 5102 1682 5168 scribendi
1709 5123 1807 5184 genus
1830 5107 1861 5164 et
1883 5100 1993 5184 dispu-

1758 5221 1788 5272 1·
