4866 6178
1272 319 1483 384 „⁶22-

458 509 650 602 εἰργασμένον
671 507 817 599 εἰρῆσθαι·
839 509 890 572 καὶ
912 505 986 572 εἶναι
1006 507 1060 572 cdv
1082 505 1227 595 βουφόνον
1249 507 1301 568 καὶ
1322 507 1375 570 τὸν
1397 505 1541 570 Διονύσου
1563 503 1733 595 θεράποντα
1754 505 1808 569 τάν
1830 496 2024 593 διθύραμβον·
2046 509 2073 569 οἱ
2093 495 2152 596 ,δέ
2182 525 2289 591 φασιν
2313 505 2345 568 iv

457 603 574 678 Ἰουλίδι
594 612 647 676 cdv
669 622 713 695 τῷ
735 611 869 694 Διονύσῳ
891 607 1034 698 θυόμενον
1057 610 1127 692 βοῦν
1149 608 1207 672 aaa
1229 629 1308 682 τινος
1329 617 1390 672 τῶν
1412 609 1573 672 νεανίσκων
1594 605 1734 673 παίεσθαι
1755 606 1889 672 πελέκει·
1911 609 2038 678 πλησίον
2058 597 2099 671 δὲ
2128 616 2203 682 τῆς
2231 610 2346 694 ἑορτῆς

458 717 547 790 οὔσης
568 719 609 790 εἰς
629 717 770 802 χαλκεῖον
792 703 917 782 δοθῆναι
937 711 990 775 τὸν
1011 709 1152 776 πέλεκυν·
1178 709 1232 774 τὸν
1255 702 1307 774 ούν
1328 699 1498 800 Σιμωνίδην
1520 716 1565 775 ἔτι
1586 703 1652 774 ν’έον
1675 709 1749 774 ὄντα
1776 699 1898 794 βαδίσαι
1924 709 1996 799 πρύς
2022 709 2074 773 cdv
2111 707 2265 798 χαλκέα
2291 732 2342 772 κο-

458 923 509 984 καὶ
532 918 710 992 ἐπαλλήλως
731 922 840 1005 ἔχοντα
860 916 901 979 τά
919 911 1099 1005 ἔμπροσθεν,
1122 914 1217 990 οὕτως
1240 911 1369 980 ἱλθύντα
1391 921 1483 980 εἰπεῖν
1503 915 1574 1005 πρὸς
1595 915 1665 989 τοὺς
1680 917 1813 988 συνήθεις
1833 913 1870 978 τὸ
1892 913 2114 1004 προειρημένον
2133 913 2339 1002 πρόβλημα·

457 1023 509 1085 cdv
532 1020 586 1111 μὲν
608 1020 665 1110 γάρ
687 1027 742 1083 τοῦ
766 1019 866 1108 ἐρίφου
888 1019 1005 1107 πατέρα
1025 1017 1079 1080 τὸν
1101 1020 1193 1082 άοκύν
1216 1014 1304 1096 εἶναι,
1333 1016 1471 1106 σχέτλιον
1498 1007 1532 1082 δὲ
1560 1014 1642 1106 ἰχθὺν
1668 1017 1722 1082 τὸν
1744 1017 1898 1106 καρκίνον,
1927 1017 2032 1092 νυκτύς
2059 1005 2095 1080 δὲ
2129 1005 2257 1079 παῖδα
2287 1015 2340 1076 τὸν

439 1123 564 1204 ·”υπνον,
587 1123 732 1211 βουφόνον
755 1110 790 1184 δὲ
811 1122 863 1184 καὶ
878 1119 1022 1184 Διονύσου
1045 1117 1214 1207 θεράποντα
1235 1119 1288 1182 τὸν
1310 1119 1451 1184 πέλεκυν·
1472 1121 1618 1190 πεποίηκε
1641 1109 1743 1183 δὲκαὶ
1765 1117 1865 1206 ἕτερον
1888 1107 2087 1206 όΣιμωνίδης
2117 1119 2335 1207 ἐπίγραμμα.

459 1225 475 1290 θ
498 1223 620 1315 παρέχει
641 1235 705 1299 τοῖς
727 1211 857 1313 ἀπείροις
877 1233 933 1298 τῆς
954 1223 1083 1310 ἱστορίας
1109 1223 1234 1310 ἀπορίαν

967 1321 1054 1413 Φημὶ
1076 1323 1129 1386 τὸν
1150 1325 1206 1387 οὐκ
1228 1320 1372 1387 ἐθέλοντα
1394 1321 1492 1412 φέρειν
1513 1322 1653 1412 τέττιγος
1674 1321 1784 1386 ἄεθλον

967 1435 1013 1509 τῷ
1035 1414 1236 1510 Πανοπηιάδῃ
1260 1415 1365 1488 δώσειν
1389 1424 1426 1514 μέ
1449 1449 1469 1488 α
1492 1414 1610 1488 δεῖπνον
1632 1421 1753 1506 Ἐπειῷ·

611 1528 748 1620 Λέγεται
772 1520 806 1593 δὲ
828 1531 858 1594 ὲν
881 1540 920 1613 τῇ
943 1525 1084 1616 Καρθαίᾳ
1106 1517 1296 1616 διατρίβοντα
1318 1527 1408 1590 αύτθν
1427 1449 1582 1602 διδάσκειν
1604 1528 1673 1600 τούς
1693 1526 1811 1616 χορούς·
1839 1525 1913 1591 εἶναι
1941 1517 1975 1590 δὲ
1996 1527 2032 1591 τὸ
2054 1537 2241 1618 χορηγεῖον
2267 1527 2329 1590 σἰνω

459 1636 530 1724 πρὸς
552 1631 733 1706 Ἀπύλλωνος
760 1637 828 1721 ἱερῷ
857 1633 891 1694 ού
915 1630 1015 1715 (quod
1038 1630 1128 1695 addit
1142 1629 1384 1694 Bro'ndstedtiue
1406 1631 1439 1694 in
1454 1631 1571 1694 Itinere
1587 1631 1705 1695 Graeco
1720 1629 1744 1694 l.
1760 1651 1791 1714 p.
1810 1630 1892 1714 100.)
1914 1629 2033 1720 μακράν
2054 1639 2111 1704 τῆς
2141 1627 2330 1702 θαλάσσης·

458 1726 633 1825 ὑδρεύεσθαι
644 1727 695 1798 οὖν
707 1734 839 1808 καὶτοὺς
855 1731 965 1806 ἄλλους
979 1733 1110 1806 καὶτοὺς
1124 1735 1190 1820 περὶ
1200 1731 1253 1795 τὸν
1266 1719 1436 1820 Σιμωνίδην
1447 1728 1595 1811 κάτωθεν,
1611 1728 1681 1794 ἔνθα
1695 1725 1732 1802 ἧν
1746 1736 1766 1802 η
1780 1731 1886 1821 κρνίνη·
1902 1724 2147 1821 ἀνακομίζοντος
2167 1721 2205 1796 δ’
2220 1735 2328 1804 αὐτοῖς

458 1839 496 1901 σθ
519 1827 598 1926 ὕδωρ
621 1837 706 1916 ὄνου,
734 1833 767 1898 δν
796 1834 924 1900 ἐκάλουν
947 1833 1078 1914 Ἐπειὸν,
1107 1821 1158 1896 διά
1183 1834 1220 1896 τὸ
1246 1830 1480 1923 μυθολογεῖσθαι
1507 1840 1599 1896 τοῦτο
1628 1822 1699 1921 δρᾶν
1722 1834 1849 1914 ἐκεῖνον,
1876 1835 1927 1897 καί
1950 1831 2198 1923 ἀναγεγράφθαι
2225 1835 2261 1898 έν
2283 1842 2325 1914 τῷ

458 1949 514 2004 τοῦ
529 1937 712 2012 ΙΛπόλλωνος
734 1943 802 2027 ἱερῷ
816 1938 869 2000 τὸν
885 1935 1020 2024 Τρωικὸν
1035 1932 1138 2024 μῦθον,
1155 1937 1185 1998 ὲν
1207 1930 1231 2017 ᾧ
1255 1940 1271 1999 ὁ
1287 1933 1402 2011 Ἐπειός
1424 1925 1583 2024 ὑδροφορεῖ
1601 1946 1665 2010 τοῖς
1679 1924 1848 2025 Ἀτρείδαις,
1871 1941 1911 2010 ὡς
1933 1937 1984 2000 καὶ
1998 1933 2198 2025 Στησίχορός
2216 1959 2323 2025 φησιν·

825 2035 978 2127 Ὤικτειρε
1001 2038 1057 2127 γάρ
1081 2040 1172 2100 αύτθν
1194 2027 1273 2125 ύδωρ
1296 2039 1353 2102 aiei
1375 2037 1522 2127 φορέοντα
1542 2038 1612 2112 Διὸς
1634 2039 1727 2127 κούρα
1749 2039 1925 2120 βασιλεῦσιν.

460 2143 654 2232 ὑπαρχόντων
676 2135 728 2206 οὗν
750 2141 867 2205 τούτων
889 2138 1036 2230 ταχθῆναί
1052 2162 1123 2228 φασι
1138 2149 1182 2222 τῷ
1206 2141 1248 2228 μή
1269 2139 1503 2230 παραγενομένῳ
1525 2149 1587 2204 τῶν
1608 2149 1756 2228 χορευτῶν
1778 2145 1817 2215 είς
1838 2141 1894 2212 την
1909 2140 2072 2230 ὡρισμένην
2094 2141 2201 2230 ὥραν,
2227 2140 2319 2228 παρέ-

460 2269 523 2334 χειν
548 2255 593 2327 τῷ
621 2244 679 2326 ὄνῳ
707 2245 824 2332 χοίνικα
851 2241 973 2331 κριθῶν·
1000 2251 1093 2306 τοῦτο
1116 2235 1167 2304 οὗν
1189 2239 1246 2305 κᾶν
1266 2252 1312 2324 τῷ
1338 2252 1449 2326 ποιητῇ
1470 2239 1624 2332 λέγεσθαι·
1655 2245 1706 2305 καὶ
1728 2239 1802 2306 εἶναι
1822 2242 1876 2306 τὸν
1899 2241 1952 2331 μέν
1974 2245 2009 2306 ού
2032 2241 2173 2332 φέροντα
2199 2243 2241 2306 τὸ
2264 2250 2317 2306 τοῦ

460 2347 598 2436 τέττιγος
621 2343 729 2410 ἄεθλον
747 2347 800 2410 τὸν
815 2348 870 2409 ούκ
893 2341 1036 2408 ἐθέλοντα
1058 2333 1151 2426 ᾄδειν,
1175 2334 1393 2418 Πανοπηιάδην
1416 2335 1451 2408 δὲ
1471 2344 1525 2406 τὸν
1547 2343 1624 2424 ὄνον,
1648 2343 1728 2434 μέγα
1750 2334 1869 2408 δεῖπνον
1889 2345 1945 2416 τὸν
1966 2346 2082 2432 χοίνικα
2102 2355 2177 2409 τῶν
2194 2343 2316 2434 κριθῶν.
2392 2330 2397 2359 ¹

614 2448 652 2512 In
674 2448 846 2514 Stesichori
868 2468 962 2512 versu
982 2446 1108 2530 legebat
1127 2445 1310 2512 Eustathius
1333 2470 1363 2534 p.
1384 2447 1478 2528 1323,
1492 2447 1534 2510 56
1557 2447 1678 2534 κούροις.
1711 2446 1877 2512 Blomliald
1899 2449 1932 2511 in
1950 2447 2031 2513 llus.
2048 2448 2245 2531 Cantabrig.
2266 2447 2311 2511 ll.

463 2550 595 2615 invertit
616 2551 805 2636 scripturam
822 2549 946 2616 Codicis
968 2553 1028 2633 ita,
1049 2557 1085 2614 ut
1099 2549 1254 2632 legeretur
1268 2585 1309 2596 -
1326 2553 1449 2638 ᾤκτειρε
1471 2549 1528 2639 γὰρ
1545 2551 1636 2612 adrev
1651 2547 1721 2612 Αἰὲν
1743 2539 1781 2612 ύδ
1792 2573 1822 2638 »ρ
1845 2548 1992 2638 φορέοντα
2006 2549 2075 2624 Διὸς
2096 2550 2205 2640 κούρα
2230 2551 2314 2631 βασι-
2389 2550 2396 2597 l

462 2656 568 2717 λεῦσιν.
600 2653 644 2717 At
665 2673 728 2718 non
751 2653 789 2718 de
812 2653 929 2718 heroici
951 2651 1099 2718 carminis
1115 2651 1256 2736 reliquiis
1278 2651 1329 2716 hic
1353 2651 1553 2735 cogitandum
1576 2658 1640 2732 est,
1661 2651 1718 2716 sed
1742 2651 1781 2716 da
1802 2651 1923 2730 melici;
1944 2672 2055 2716 versus
2077 2655 2173 2718 enim
2198 2658 2253 2716 est
2275 2671 2309 2714 ex
2385 2620 2392 2675 ί

463 2755 635 2821 Stesichori
663 2755 714 2819 Ilii
741 2755 956 2820 devastatione
989 2763 1021 2818 et
1054 2757 1119 2836 agit
1151 2753 1189 2818 de
1216 2753 1353 2836 Helena,
1388 2775 1468 2838 quae
1496 2753 1617 2839 Epeum
1650 2756 1895 2818 commiseratur.
1945 2754 1991 2820 Cl.
2020 2759 2169 2820 ceterum
2193 2752 2309 2836 Bergk.

462 2858 549 2923 Post.
572 2857 630 2942 lyr.
652 2879 682 2942 p.
707 2858 779 2923 639.
824 2857 994 2922 Gaiaiordii
1015 2857 1102 2922 roes.
1124 2857 1200 2921 min.
1223 2856 1279 2920 ΙΙΙ.
1302 2878 1332 2941 p.
1355 2855 1427 2921 342.
1451 2853 1680 2920 Schneidewin.
1703 2855 1823 2921 Deleot.
1846 2877 1876 2942 p.
1899 2855 1971 2921 331.

616 2960 675 3025 His
697 2981 737 3023 ex
758 2958 900 3044 reliquiis
923 2959 1103 3044 scriptionis
1126 2958 1164 3023 de
1188 2958 1350 3024 Simonide
1373 2961 1489 3043 optime
1512 2961 1658 3041 cognosci
1680 2965 1799 3042 potest,
1825 2979 1905 3041 qnae
1926 2959 2021 3022 luerit
2043 2958 2307 3024 Chamaeleontis

463 3063 542 3126 ratio
571 3064 604 3124 in
634 3061 819 3126 enarrandis
847 3069 879 3126 et
906 3061 1101 3147 explicandis
1122 3061 1247 3148 po'e‘tis„
1277 3061 1419 3126 Primum
1440 3062 1540 3142 enim,
1571 3059 1654 3143 quod
1677 3081 1772 3145 supra
1799 3059 2071 3126 Chamaeleontem
2099 3062 2213 3128 lacere
2244 3061 2305 3124 iam

462 3163 617 3246 vidimus,
638 3171 691 3245 ut,
713 3163 826 3246 quibus
849 3185 888 3227 ex
910 3164 1050 3228 fontibus
1073 3163 1268 3228 narrationes
1292 3183 1364 3228 suas
1386 3162 1542 3244 hauserit,
1569 3164 1716 3244 reticeat,
1737 3162 1770 3227 id
1792 3161 1851 3228 hoc
1874 3183 1997 3248 quoque
2019 3163 2087 3229 loco
2109 3165 2208 3242 lecit3
2233 3181 2305 3226 nam

465 3267 538 3354 φασὶ
560 3269 588 3328 οἱ
609 3263 679 3353 μὲν,
703 3269 730 3328 οἱ
752 3254 786 3328 δέ
809 3265 901 3351 plane
924 3266 1049 3330 obscuri
1071 3266 1163 3331 nobis
1186 3270 1260 3329 sunt
1282 3273 1424 3330 auctores
1447 3285 1550 3348 neque
1572 3267 1617 3328 ita
1637 3264 1701 3330 fidi.
1747 3265 1828 3333 Tum
1850 3265 2014 3350 amplexus
2037 3271 2100 3347 est,
2121 3285 2209 3350 qnae
2233 3283 2303 3327 enm

465 3367 612 3432 adamare
627 3387 722 3452 snpra
738 3370 802 3432 iam
825 3367 977 3450 diximus,
999 3371 1195 3450 aenigmata,
1217 3388 1349 3450 quorum
1365 3366 1634 3432 dissolvendorum
1658 3365 1827 3432 difficultas
1848 3367 1964 3432 mirum
1987 3375 2141 3450 qnantum
2166 3385 2302 3450 occupa·

464 3476 534 3534 tum
556 3491 629 3534 eum
650 3469 788 3535 tenebat.
833 3471 1032 3535 Postremum
1054 3472 1210 3552 carmina,
1238 3490 1318 3552 quae
1340 3472 1582 3554 interpretatur,
1608 3468 1768 3534 advitam
1790 3473 1916 3555 potitae,
1939 3473 2027 3535 coins
2049 3476 2140 3552 sunt,
2163 3468 2299 3556 applicat

464 3574 526 3653 ita,
547 3581 584 3637 ut
606 3572 736 3637 alteram
760 3593 798 3636 ex
821 3571 918 3637 altero
940 3573 1086 3637 illustret.

618 3673 788 3739 Simonidis
810 3695 920 3738 versus
948 3696 987 3738 ex
1018 3675 1255 3738 anathematicis
1279 3675 1471 3739 carminibus
1494 3675 1671 3761 deprompti
1693 3680 1782 3753 sunt3
1809 3673 1909 3739 habes
1935 3694 1988 3740 eos
2011 3677 2044 3739 iu
2065 3669 2296 3738 Schneidewini

466 3776 591 3840 delectu
612 3797 682 3861 pag.
704 3776 784 3857 426,
811 3775 1345 3860 inRergkiipoetislyric.·ed.1.
1369 3797 1437 3860 pag.
1462 3777 1540 3859 704,
1569 3779 1603 3841 in
1632 3777 1799 3842 Gaialordii
1826 3776 1931 3841 Poetis
1958 3775 2033 3842 min.
2056 3776 2111 3840 ΠΙ,
2136 3775 2210 3840 186.
2255 3769 2293 3835 Cl·

466 3878 562 3941 etiam
589 3876 865 3943 Schneidewinum
892 3881 926 3942 in
955 3879 1073 3942 Simon.
1102 3878 1212 3960 fragm.
1239 3899 1308 3963 pag.
1338 3877 1400 3942 218
1428 3899 1498 3962 sqq.
1539 3879 1648 3944 Exere.
1678 3879 1745 3944 orit.
1773 3879 1809 3944 X.
1834 3879 1891 3961 62,
1912 3878 1964 3942 59.
2013 3878 2226 3952 Chamaeleon
2247 3891 2293 3938 eos

466 3981 716 4060 examinaverat,
743 3996 779 4044 ut
801 3980 840 4045 de
868 3979 1039 4045 Simonidis
1061 3980 1274 4044 adolescentia
1295 3988 1328 4044 et
1354 3979 1393 4044 de
1415 3981 1516 4044 initiis
1539 3983 1606 4045 eius
1634 3983 1766 4066 podticis
1794 3979 1914 4064 aliquid
1942 3986 2073 4046 erueret.
2116 3980 2187 4045 Etsi
2217 3977 2291 4041 anim

465 4081 633 4146 manifesto
655 4102 718 4145 non
742 4081 836 4163 dixit,
857 4090 965 4147 tamen
988 4103 1026 4146 ex
1046 4083 1179 4162 diversis
1202 4081 1264 4146 illis
1287 4085 1473 4165 aenigmatis
1496 4082 1807 4168 interpretationibus
1830 4102 1915 4165 eam,
1938 4103 2031 4166 quam
2053 4088 2212 4168 postremo
2233 4078 2291 4142 loco

467 4185 589 4267 posuit,
612 4183 775 4268 amplexus
798 4205 867 4248 esse
889 4186 1118 4269 Peripateticus
1141 4184 1281 4270 videtur,
1305 4188 1378 4270 qnia
1399 4184 1454 4248 illa
1474 4185 1622 4248 facillime
1642 4191 1765 4269 poterat
1786 4184 1894 4249 referri
1917 4185 1957 4250 ad
1979 4190 2088 4270 poetae
2109 4187 2223 4264 vitam,
2244 4175 2290 4262 μυί

465 4284 568 4352 Iulida
588 4287 621 4350 in
644 4285 747 4370 patria
768 4307 828 4350 sua
848 4287 998 4370 Dionysio
1020 4294 1145 4351 taurum
1166 4286 1367 4352 sacrificaret.
1413 4286 1502 4364 Quod
1524 4289 1662 4373 primum
1689 4287 1749 4352 hoc
1777 4289 1969 4372 epigramma
1996 4289 2139 4371 sequitur
2167 4286 2290 4350 altarum

467 4386 553 4451 idem
580 4387 789 4453 Chamaeleon
817 4387 1042 4474 interpretatus
1071 4397 1134 4467 est;
1162 4408 1223 4452 non
1255 4391 1340 4452 enim
1368 4388 1493 4469 dubito,
1521 4389 1598 4471 quin
1626 4409 1664 4452 ea
1691 4409 1829 4472 quoque,
1856 4410 1935 4473 quae
1963 4392 1995 4452 iu
2018 4389 2182 4454 Athenaeo
2203 4384 2287 4451 huus
2388 4406 2390 4442 ι

468 4490 616 4553 carminis
644 4489 758 4572 legitur
787 4494 958 4572 enarratio,
987 4491 1090 4555 eidem
1118 4489 1303 4575 philosopho
1333 4492 1374 4554 sit
1396 4490 1613 4556 adscribenda.
1652 4490 1767 4555 Tacuit
1789 4492 1917 4574 quidem
1938 4489 2120 4556 Athenaeus
2143 4491 2182 4556 de
2203 4490 2287 4560 fonsa
2391 4500 2392 4511 ¹

468 4611 508 4655 ex
529 4610 589 4674 quc
611 4591 759 4658 hauserit.
795 4592 829 4656 Si
851 4613 941 4673 vero,
963 4613 1025 4676 quo
1048 4595 1205 4657 artissimo
1227 4591 1353 4657 vinculo
1376 4612 1414 4656 ea
1435 4595 1517 4657 inter
1540 4614 1573 4656 se
1596 4593 1785 4658 cohaereant
1806 4595 1992 4678 respexeris,
2014 4600 2046 4658 et
2066 4593 2100 4656 in
2122 4590 2284 4657 narratione

466 4695 537 4779 ipsa
561 4714 661 4757 unum
682 4699 823 4759 tenorem
850 4695 1050 4777 eundemque
1078 4701 1172 4779 atque
1194 4697 1229 4758 iu
1251 4695 1466 4778 superioribus
1489 4701 1663 4777 servatum,
1686 4715 1744 4759 nec
1766 4696 1806 4760 ab
1828 4696 1991 4760 Athenaeo
2014 4695 2048 4759 in
2069 4702 2137 4759 tota
2157 4694 2211 4758 illa
2230 4688 2286 4753 dis·
2388 4715 2391 4775 γ

467 4797 636 4860 certatione
658 4794 755 4860 alium
770 4816 961 4880 quemqnam
976 4805 1137 4862 auctorem
1160 4797 1221 4860 nisi
1237 4795 1515 4861 Chamaeleontem
1533 4795 1711 4860 adhibitum
1725 4817 1795 4861 esse
1819 4797 2020 4881 cogitaveris,
2042 4818 2082 4860 ne
2099 4797 2148 4861 Tu
2164 4791 2284 4880 quidem,

467 4897 616 4980 arbitror,
642 4898 772 4981 negabis
800 4898 841 4963 ab
869 4919 905 4963 eo
933 4899 1062 4963 alteriue
1089 4918 1211 4982 quoque
1242 4901 1475 4983 epigrammatis
1502 4900 1795 4982 interpretationem
1823 4921 1891 4964 esse
1919 4901 2101 4985 prolectam.
2128 4935 2170 4944 -
2191 4895 2284 4975 Neque

466 4998 527 5065 hoc
549 5020 677 5064 carmen
698 5000 934 5065 Chamaeleonti
956 5002 1174 5083 quaestionem
1196 5021 1259 5065 non
1281 4998 1389 5064 attulit
1410 4999 1449 5064 de
1471 5000 1602 5065 iuvenili
1623 5005 1733 5085 politae
1761 5008 1880 5083 aetate,
1908 5022 1970 5085 qua
1992 5001 2162 5065 Carthaeae
2183 5001 2214 5064 iu
2233 4993 2282 5056 000

467 5101 572 5166 insula
598 5102 638 5166 ad
666 5101 872 5168 celebrandos
892 5101 1049 5188 Apollinis
1077 5103 1174 5167 lestos
1202 5107 1372 5187 occupatus
1401 5103 1515 5168 luisset
1541 5105 1575 5166 iu
1602 5102 1704 5168 choris
1732 5103 1891 5168 docendis.
1935 5105 2070 5185 Asinus,
2100 5105 2154 5186 qui
2176 5104 2207 5166 in
2227 5109 2283 5160 eam
2388 5125 2390 5156 ι

2378 2814 2390 2877 l
