4866 6178
999 343 1210 410 ..39-

168 525 210 604 ἦν
237 533 296 625 γοὶρ
323 533 360 598 ce*
386 544 441 610 τῆς
468 533 615 624 ὀρχήσεως
641 531 726 624 γένος
755 541 810 608 τῆς
837 533 957 607 ἐντοῖς
985 541 1081 620 χοροῖς
1108 531 1258 620 εὔσχημον
1283 529 1355 595 τότε
1383 531 1435 594 καὶ
1460 529 1685 621 μεγαλοπρεπὲς
1706 531 1757 594 καὶ
1778 532 1881 605 ὠςοινεὶ
1901 529 1957 606 τὰς
1978 531 2009 596 ἐν

167 646 237 710 τοῖς
258 635 361 711 ὅπλοις
382 635 509 711 κινήσεις
534 635 786 726 ἀπομιμούμενον.

329 738 431 824 Supra
451 741 514 803 iam
537 737 620 819 dixi,
642 757 722 821 quae
745 757 857 802 caussa
878 757 928 800 me
951 738 1101 817 mouerit,
1123 741 1159 800 ut
1181 736 1300 800 hancce
1323 734 1504 820 scriptionis
1526 735 1759 821 partiunculam
1780 734 1831 800 hic
1853 735 2007 800 afferrem.

167 874 216 886 -
238 839 285 903 De
307 839 447 906 Platonis
469 839 577 905 fabula
599 839 637 904 cl.
659 839 739 922 Aug.
763 837 955 904 Meiuehium
977 839 1011 902 in
1033 836 1106 903 hist.
1131 837 1198 903 crit.
1222 859 1253 923 p.
1280 837 1340 902 184
1362 839 1630 921 ingeniosissime,
1658 843 1695 901 ut
1719 836 1814 919 solat,
1842 837 2007 923 disputan-

167 951 248 1006 tem.
270 977 312 988 -
334 942 381 1006 De
403 942 655 1028 hyporchematis
678 940 764 1005 idem
785 941 849 1004 fere
872 927 1020 1005 docemur
1034 963 1053 1004 a
1066 938 1205 1005 Lucieno
1229 939 1267 1004 de
1283 938 1392 1005 Saltat.
1410 961 1457 1025 cp.
1476 941 1525 1005 16.
1556 939 1703 1005 Ceterum
1726 942 1906 1004 universam
1923 938 2009 1024 apud

168 1043 311 1108 Graecos
341 1043 541 1110 saltationem
569 1043 732 1108 mimicam
761 1042 858 1106 luisse
887 1042 1101 1125 saltantesque
1131 1041 1170 1106 ad
1200 1043 1343 1106 veritatis
1372 1041 1612 1107 similitudinem
1640 1043 1740 1106 vitam
1767 1061 1835 1106 esse
1858 1044 2007 1124 imitatos,

166 1145 388 1212 interamnae
412 1151 535 1212 constat
557 1165 656 1229 quum
677 1144 748 1208 aliis
772 1164 810 1208 ex
832 1144 909 1209 locis
931 1150 1001 1209 tum
1022 1164 1060 1208 ex
1080 1143 1296 1229 Xenophontis
1318 1144 1459 1210 Anabasi
1481 1145 1523 1226 V,
1546 1144 1574 1208 9.
1599 1149 1631 1208 at
1653 1143 1801 1208 Convivio
1825 1165 1872 1230 cp.
1896 1143 1963 1207 aa
1977 1143 2008 1226 9,

167 1249 228 1314 ubi
243 1247 384 1331 saltatio,
406 1267 485 1332 quae
502 1249 650 1312 carminis
666 1255 796 1311 cautum
811 1246 1074 1331 prosequebatur,
1096 1247 1238 1330 gestibus
1253 1247 1405 1331 vultuque
1421 1245 1569 1310 historiae
1586 1246 1829 1332 descriptionem
1844 1245 2007 1331 expressit

898 1483 978 1550 XIV.
1009 1483 1060 1548 De
1082 1485 1280 1551 ebrietate.

324 1655 442 1720 Hadem
463 1657 627 1739 inscriptio
652 1662 746 1738 atque
770 1653 1022 1720 Chamaeleontis
1044 1655 1124 1720 libro
1146 1655 1213 1745 περὶ
1235 1652 1326 1744 μέθης
1347 1654 1449 1719 indita
1471 1661 1520 1718 est
1540 1655 1740 1720 Antisthenis
1763 1654 2007 1740 scriptiunculae

165 1756 299 1822 cuidam
310 1756 518 1841 (Diog.baiirt
525 1757 675 1840 V1‚1,9.).
699 1758 828 1822 Praeter
840 1777 912 1820 eum
929 1756 967 1854 de
983 1756 1168 1822 temulentia
1183 1760 1377 1843 scripserunt
1390 1751 1560 1843 pressurita
1576 1759 1726 1840 magistro
1739 1777 1777 1822 ex
1788 1757 2008 1844 Peripateticis

164 1858 422 1944 Theophrastus,
445 1858 669 1940 Chamaeleon,
691 1859 900 1942 Hieronymus
915 1858 1066 1940 Rhodius,
1088 1860 1143 1944 qui
1165 1860 1249 1946 apud
1262 1859 1378 1925 Athen.
1394 1859 1431 1928 X.
1447 1881 1478 1945 p.
1493 1859 1566 1922 424.
1581 1859 1602 1925 l.
1624 1861 1659 1923 iu
1681 1881 1737 1925 suo
1762 1859 1800 1924 de
1822 1860 2009 1925 temulentia

161 1961 270 2043 libro,
302 1961 358 2025 uhi
391 1961 429 2026 de
457 1961 622 2026 saltatione
651 1963 734 2026 circa
758 1960 880 2026 Deliaci
907 1961 1063 2046 Apollinis
1089 1962 1243 2049 templum
1275 1969 1403 2048 peracta
1434 1968 1542 2026 narrat
1567 1967 1599 2025 et
1624 1961 1676 2026 ΧΙ.
1698 1983 1729 2047 p.
1750 1962 1823 2026 499.
1843 1962 1865 2025 f.
1894 1959 1949 2046 (cl.
1969 1963 2007 2045 X,

161 2084 199 2148 p.
217 2063 290 2127 427.
311 2061 369 2145 b),
397 2062 452 2127 ubi
479 2084 535 2148 pro
558 2083 610 2145 eo,
639 2061 720 2146 quod
751 2062 785 2127 iu
806 2063 927 2148 vulgari
955 2067 1093 2129 oratione
1117 2071 1166 2129 est
1193 2064 1314 2130 ebrium
1342 2085 1427 2145 esse,
1454 2063 1606 2128 vocabulo
1629 2059 1766 2127 σκυθίσαι
1793 2065 1901 2146 utitur,
1927 2067 2006 2130 miro

163 2163 305 2248 quodam
326 2164 418 2230 modo
441 2185 514 2230 cum
536 2164 753 2251 Theophrasto
776 2168 974 2232 consensisse
996 2166 1129 2233 videtur.
1167 2167 1231 2234 Sed
1251 2165 1455 2234 Aristotelem
1476 2169 1571 2230 etiam
1593 2165 1658 2254 περὶ
1680 2162 1773 2254 μέθης
1792 2155 1909 2231 librum
1931 2187 2006 2231 oon·

165 2265 290 2330 didisse
312 2286 351 2330 ex
365 2266 529 2332 Athenaeo
550 2266 679 2351 quidem
701 2273 804 2354 patet,
826 2287 1016 2352 quamquam
1031 2270 1114 2334 inter
1127 2269 1330 2334 Aristotelioe
1343 2268 1427 2355 apud
1441 2269 1613 2352 Diogenem
1626 2267 1785 2332 hairtium
1801 2266 1906 2333 nullus
1921 2271 2006 2334 eius-

165 2367 242 2433 dem
263 2368 348 2433 tituli
362 2370 517 2454 reperitur
530 2369 620 2435 liber.
654 2369 768 2436 Utrum
789 2369 849 2435 hac
864 2371 897 2434 in
912 2391 946 2434 re
962 2369 1001 2435 de
1017 2373 1179 2457 supposito
1194 2371 1329 2455 quodam
1344 2371 1522 2438 Aristotelis
1541 2369 1621 2435 libro
1636 2370 1794 2454 (Ammon.
1810 2371 1850 2436 ad
1866 2371 2005 2456 Categor.

163 2469 278 2554 Arist.)
302 2471 502 2556 cogitandum
529 2493 571 2537 an
597 2471 632 2536 in
655 2475 845 2559 scriptorum
866 2472 982 2537 tabulis
1005 2473 1066 2538 allo
1090 2495 1162 2538 enm
1183 2473 1281 2540 latere
1303 2473 1396 2540 titulo
1418 2473 1594 2558 putandum
1615 2475 1671 2555 sit,
1701 2473 1871 2559 disceptari
1892 2480 2005 2559 potest.

163 2572 225 2638 1110
247 2573 282 2638 in
303 2573 383 2639 libro
398 2573 602 2657 Aristoteles,
625 2575 653 2638 si
675 2574 743 2638 eius
766 2580 831 2656 est,
855 2573 893 2639 de
909 2577 976 2640 vini
999 2583 1031 2640 et
1053 2578 1222 2641 cerevisiae
1237 2577 1269 2641 vi
1291 2578 1356 2659 egit
1376 2595 1472 2660 quum
1487 2576 1521 2639 in
1538 2578 1703 2641 universos
1717 2575 1861 2642 homines
1877 2575 2004 2660 (Athen.

163 2675 191 2740 I.
214 2697 246 2761 p.
262 2675 314 2742 34.
324 2677 353 2741 b.
375 2676 413 2740 Χ.
428 2698 459 2762 p.
474 2676 547 2740 447.
557 2697 585 2742 a.
595 2675 636 2759 b.)
659 2683 728 2741 tum
749 2679 782 2741 in
805 2677 945 2761 singulos
961 2698 1054 2742 sexus
1073 2685 1255 2762 aetatesque
1271 2677 1319 2760 (Χ.
1335 2700 1365 2763 p.
1381 2677 1520 2744 atach
1543 2677 1595 2742 XI.
1611 2701 1641 2764 p.
1653 2678 1716 2742 464
1725 2677 1775 2758 a),
1797 2679 1879 2742 iuter
1893 2677 2007 2764 pocula

165 2777 210 2842 τοὶ
233 2778 309 2861 ρὐτοὶ
331 2778 588 2843 commemoravit
610 2777 736 2862 (Athen.
752 2778 804 2844 XI.
828 2800 858 2864 p.
874 2778 947 2844 496.
959 2779 1009 2863 t),
1038 2787 1070 2844 et
1090 2779 1274 2870 τραγήματα
1297 2779 1443 2846 distinxit
1464 2801 1483 2844 a
1503 2781 1680 2870 τρωγαλίοις
1703 2780 1796 2864 (XIV.
1819 2803 1850 2866 p.
1872 2780 1943 2846 641.
1960 2779 2004 2863 a.)

165 2879 237 2945 Nec
258 2883 304 2946 ita
317 2880 408 2945 valde
424 2880 634 2966 Theophrasti
653 2880 734 2945 liber
748 2881 787 2946 ab
802 2881 1005 2946 Aristotelioe
1021 2882 1231 2968 discrepuiase
1246 2881 1381 2965 videtur,
1403 2902 1499 2968 quum
1515 2881 1553 2946 de
1568 2881 1678 2946 eodem
1694 2887 1878 2966 argumento
1895 2881 2005 2947 eadam

165 2985 292 3048 ratione
319 2989 425 3065 ageret
451 2989 592 3068 uterque.
641 2982 704 3048 Sed
732 3003 804 3048 oum
826 2982 1079 3049 Chamaeleontis
1108 3004 1232 3068 quoque
1260 2984 1340 3050 libro
1363 2987 1504 3068 coguatio
1527 2983 1632 3068 aliqua
1658 2987 1879 3050 intercesserat
1900 2983 2004 3049 Theo-

164 3083 314 3171 phrasto,
340 3084 423 3170 quod
445 3084 519 3150 inde
541 3085 661 3150 lactum
684 3105 753 3150 esse
781 3086 931 3168 arbitror,
960 3086 1044 3170 quod
1073 3091 1106 3150 et
1128 3086 1363 3172 Theophrastus
1390 3094 1423 3152 et
1445 3085 1654 3152 Chamaeleon
1681 3107 1744 3151 uua
1771 3107 1810 3150 ex
1836 3085 2007 3172 disciplina

164 3193 406 3272 processerunt,
428 3189 588 3272 patrisque
612 3189 695 3268 eius,
718 3187 913 3270 Aristotelis,
934 3195 1104 3274 praecepta
1125 3211 1144 3252 a
1166 3189 1382 3274 Theophrasto
1404 3194 1532 3275 recepta
1553 3187 1593 3252 ab
1616 3208 1652 3254 eo
1676 3188 1716 3253 ad
1732 3187 2005 3254 Chamaeleontem

164 3295 341 3374 propagata
362 3293 445 3356 sunt.
482 3289 653 3373 Utriusque
676 3292 760 3354 euim
783 3297 815 3354 et
829 3289 1036 3376 Theophrasti
1052 3297 1084 3356 at
1099 3290 1350 3356 Chamaeleontis
1371 3291 1469 3358 libros
1491 3291 1574 3356 iuter
1596 3311 1629 3356 se
1652 3299 1799 3374 cognatos
1821 3291 1932 3374 luisse,
1954 3311 2004 3354 re-

162 3391 285 3475 liquiae
307 3391 542 3474 demonstrant,
564 3413 641 3476 quas
657 3392 774 3456 Athen.
788 3391 841 3456 XI.
857 3413 887 3478 p.
903 3392 1083 3459 asra-0.
1107 3415 1136 3478 p.
1152 3392 1261 3458 aeae.
1285 3395 1422 3458 servavit
1444 3414 1483 3459 ex
1504 3392 1593 3458 libris
1616 3413 1723 3458 eorum
1746 3393 1784 3458 de
1807 3393 2003 3458 temulentia.

163 3493 257 3558 Idem
270 3499 402 3578 uterque
415 3494 522 3560 docuit
533 3494 571 3559 de
584 3497 662 3576 ρὀτῷ
673 3491 794 3580 poculo.
816 3495 922 3578 Atque
935 3516 1031 3579 quum
1046 3517 1086 3560 ex
1097 3495 1305 3581 Theophrasti
1315 3491 1396 3560 libr'o
1408 3497 1506 3560 maim
1516 3494 1718 3579 reliquiarum
1729 3515 1878 3560 numerus
1890 3515 2002 3580 super-

164 3599 226 3678 sit,
249 3615 345 3680 quam
360 3617 398 3660 ex
413 3596 492 3662 libro
507 3596 778 3679 Chamaeleontis,
800 3617 839 3660 ex
854 3595 908 3661 illo
923 3599 1028 3683 potius
1044 3617 1138 3681 quam
1154 3618 1192 3662 ex
1207 3598 1276 3679 hoc,
1292 3617 1371 3681 quae
1387 3598 1481 3664 luerit
1496 3600 1673 3680 argumenti
1687 3599 1843 3678 tractatio,
1858 3598 2003 3678 cognosci

162 3700 299 3784 poterit3
327 3719 430 3782 neque
452 3699 578 3765 veritati
604 3699 758 3764 absonum
785 3699 851 3763 lore
880 3699 1031 3782 arbitror,
1059 3703 1087 3765 si
1110 3699 1385 3766 Chamaeleontem
1406 3699 1550 3784 magistri
1571 3701 1704 3782 vestigia
1726 3705 1757 3764 at
1778 3702 1811 3764 in
1834 3701 2001 3785 partitione

160 3803 345 3884 argumenti
374 3808 406 3866 et
426 3801 461 3865 iu
483 3801 619 3878 dictione
647 3802 800 3886 pressisse
829 3800 951 3883 iudico,
979 3823 1078 3886 qnam
1105 3802 1247 3866 eiusdem
1274 3800 1460 3888 discipliuae
1488 3803 1578 3886 quasi
1599 3799 1725 3866 viuculo
1754 3803 2001 3868 continerentur.

164 3901 403 3988 Theophrastus
425 3903 521 3986 igitur
534 3906 568 3967 iu
590 3903 669 3968 libro
692 3923 748 3969 sno
771 3923 868 3986 quum
890 3903 923 3968 in
946 3905 1129 3968 universum
1151 3905 1271 3970 devini
1294 3906 1357 3988 egit
1371 3906 1402 3968 vi
1424 3909 1494 3968 tum
1515 3904 1554 3970 ob
1577 3902 1811 3984 salubritatem,
1833 3905 1860 3968 si
1878 3901 2001 3968 modice

162 4005 338 4087 biberetur,
356 4025 448 4071 usum
471 4007 538 4069 eius
561 4005 805 4085 commendavit;
828 4005 885 4072 sed
906 4025 946 4070 ue
961 4006 1057 4070 nimis
1071 4011 1240 4092 potaretur,
1261 4005 1451 4071 valetudinis
1467 4025 1578 4070 caussa
1592 4004 1765 4072 admonuit.
1799 4006 1845 4070 De
1860 4005 2004 4070 sabulosa

162 4108 233 4171 viui
255 4107 373 4190 origine
395 4106 646 4193 Theophrastum
668 4110 702 4171 iu
724 4107 849 4172 exordio
873 4110 975 4191 egisse
998 4109 1119 4174 conicio
1143 4129 1182 4172 ex
1201 4107 1317 4172 Athen.
1331 4108 1383 4174 XI.
1399 4131 1430 4194 p.
1446 4107 1570 4189 465.θ.,
1591 4113 1659 4172 tum
1675 4107 1740 4172 vini
1758 4108 1822 4172 vim
1845 4108 2002 4194 copiosius

163 4211 348 4295 exposuisse
363 4209 488 4274 videtur
502 4215 628 4295 propter
642 4209 757 4274 Athen.
772 4210 824 4275 ΧΙ.
840 4233 871 4297 p.
886 4210 959 4276 463.
970 4231 996 4276 o.
1020 4207 1251 4299 (παραμυθεῖται
1273 4210 1330 4301 γὰρ
1353 4213 1369 4274 ὁ
1392 4206 1467 4284 οἶνος
1489 4210 1541 4272 aori
1562 4209 1616 4280 τήν
1631 4218 1687 4273 τοῦ
1702 4209 1799 4300 γήρως
1821 4199 2002 4301 burdegalae),

164 4310 280 4376 deinde
303 4313 405 4377 varias
433 4313 500 4376 viui
526 4314 770 4396 temperationes
798 4314 961 4393 tractavit,
991 4314 1188 4396 optimaeque
1216 4333 1293 4395 quas
1320 4311 1447 4394 hahuit,
1476 4311 1723 4394 commendavit,
1751 4333 1814 4397 qua
1841 4315 1875 4378 in
1904 4334 1938 4378 re
1967 4319 2003 4377 ut

164 4433 204 4478 ex
227 4413 357 4479 heroum
378 4413 534 4495 moribus,
562 4415 617 4496 qui
638 4435 657 4477 a
678 4414 778 4499 potitis
800 4416 834 4477 in
856 4416 1048 4480 carminibus
1071 4413 1331 4500 depingerentur,
1358 4413 1404 4479 ita
1426 4433 1465 4477 ex
1487 4415 1707 4480 recentissima
1734 4421 1910 4501 temporum
1931 4437 1999 4480 me-

162 4515 264 4580 moria
285 4523 469 4599 argumenta
490 4516 692 4601 deprompsit.
726 4516 834 4600 Itaque
857 4516 898 4581 ad
919 4516 1047 4581 Homeri
1070 4515 1150 4580 illud
1172 4508 1335 4605 ζωρότερον
1356 4505 1390 4580 δὲ
1412 4513 1528 4605 κέραιρε
1548 4515 1748 4603 Empedoclis
1763 4538 1892 4583 versum
1915 4517 2000 4601 (148.

163 4615 279 4701 Stura.)
302 4621 455 4683 annexuit
476 4617 712 4702 Theophrastus
735 4617 820 4705 apud
840 4618 956 4684 Athen.
978 4619 1016 4684 Χ.
1039 4641 1069 4706 p.
1086 4619 1158 4684 423.
1174 4619 1214 4701 l.,
1241 4619 1360 4684 etvini
1386 4618 1581 4703 temperandi
1603 4639 1735 4702 genera,
1763 4640 1843 4703 quae
1866 4620 2002 4684 luissent

163 4719 249 4805 apud
271 4719 382 4786 heroas
405 4726 459 4785 aut
481 4722 719 4803 antiquissimae
742 4724 854 4786 aetatis
873 4719 1028 4804 homines,
1050 4742 1089 4785 ex
1105 4724 1205 4807 poetis
1226 4721 1331 4787 docuit
1347 4719 1472 4806 (Athen.
1488 4721 1540 4786 ΧΙ.
1556 4741 1586 4805 p.
1605 4720 1744 4804 782.h.);
1767 4721 2000 4786 recentissimos

162 4841 266 4886 mores
289 4825 443 4908 respexit,
469 4822 633 4906 legesque,
657 4823 770 4907 quibus
793 4844 916 4888 merum
938 4831 1113 4906 vetaretur,
1141 4824 1286 4909 probavit
1306 4824 1389 4909 apud
1414 4823 1527 4890 Athen.
1543 4823 1580 4888 Χ.
1602 4844 1632 4908 p.
1649 4823 1721 4889 427.
1739 4822 1768 4890 d.
1791 4847 1822 4910 p.
1838 4823 1910 4890 429.
1926 4845 1954 4888 a.
1969 4823 1999 4890 b.

161 4921 227 4989 XV.
243 4947 274 5010 p.
291 4925 362 4990 693.
380 4946 406 4990 c.
439 4923 531 4990 Haud
554 4923 646 4989 aliter
661 4925 936 4990 Chamaeleontem
958 4934 1176 5010 argumentum
1198 4931 1350 5016 tractasse
1366 4926 1569 4992 statuendum
1584 4932 1647 5008 est,
1670 4947 1744 4992 nam
1761 4947 1838 5011 quas
1853 4925 1999 4991 Clemens

161 5023 395 5092 Alexandrinus
417 5027 554 5090 servavit
575 5027 724 5112 reliquias
748 5027 787 5092 de
802 5027 951 5109 Zeleuoo,
972 5028 1101 5092 eaedem
1122 5027 1267 5111 leguntur
1282 5028 1365 5113 apud
1382 5027 1651 5114 Theophrastum
1672 5028 1893 5094 temulentiam
1907 5030 2001 5092 vitari

163 5119 256 5196 iussit
277 5129 483 5193 Chamaeleon
507 5129 591 5215 apud
607 5128 723 5196 Athen.
739 5129 776 5194 X.
798 5151 829 5215 p.
846 5130 918 5196 427.
934 5132 975 5215 θ.,
997 5151 1056 5196 uec
1081 5153 1100 5196 a
1121 5130 1336 5216 Theophrasto
1359 5130 1404 5196 ita
1425 5130 1515 5214 louge
1539 5129 1686 5196 discessit
1706 5131 1792 5218 apud
1814 5129 1930 5196 Athen.
1945 5129 1998 5196 ΧΙ.
