4866 6178
959 385 1170 450 ..43-

149 575 219 660 logo
242 577 337 662 positi
359 579 448 655 sunt,
470 579 502 637 et
524 595 562 638 ex
584 575 748 638 vicinitate
771 574 810 639 de
832 579 1014 656 argumento
1034 559 1144 664 ¹eornm
1168 573 1395 656 quodammodo
1419 574 1521 639 conici
1537 573 1656 658 aliquid
1671 579 1782 660 potest.
1812 576 1921 659 Itaque
1937 576 1975 640 de

148 678 335 743 Xenocratis
357 682 545 760 argumento,
561 696 624 758 non
648 677 838 754 errabimus,
861 677 888 739 si
911 675 1030 758 aliquid
1053 675 1246 760 cognationis
1263 677 1292 738 ei
1307 676 1524 740 intercessisse
1540 676 1731 741 coniciamus
1749 697 1821 741 cum
1835 677 1976 744 Platonis

147 780 291 861 Philebo,
303 781 486 864 praesertim
502 797 611 860 quum,
626 798 705 861 quae
720 780 754 840 in
769 779 911 864 proxima
922 773 1082 842 vicinitate
1095 777 1312 858 exhibeantur,
1326 779 1392 864 περὶ
1406 767 1493 840 εἰδῶν
1505 782 1537 840 et
1550 779 1615 865 περὶ
1629 786 1684 840 τοῦ
1700 777 1762 852 ἑνός
1777 781 1894 864 scripte
1905 801 1976 864 pro-

148 883 235 947 fecta
257 902 325 946 esse
347 879 544 966 suspicemur
566 900 604 942 ex
626 879 749 945 Philebi
772 882 954 963 quaestione
978 881 1062 962 (pag.
1081 879 1140 943 134
1161 884 1193 941 et
1209 878 1300 960 138):
1324 879 1406 944 unde
1428 880 1548 943 iactum
1570 887 1669 961 esset,
1691 885 1727 943 ut
1748 900 1827 963 quae
1850 883 1976 946 notione

149 967 211 1049 su‘a
233 991 265 1049 et
285 989 397 1047 natura
419 988 530 1046 essent
547 1001 625 1062 nnn,
647 982 681 1046 in
703 983 870 1065 generibus
893 983 959 1046 suis
982 983 1068 1044 varia
1090 987 1121 1044 et
1142 983 1211 1066 ipsa
1233 981 1294 1045 sibi
1316 984 1457 1066 opposita
1479 989 1664 1067 apparerent
1679 983 1757 1066 (pag.
1776 981 1850 1045 138:
1874 985 1905 1044 ἓν
1920 982 1976 1072 γάρ

14 1083 17 1110 '
98 1099 105 1148 .’
149 1075 192 1158 δὴ
213 1086 253 1149 τοὶ
273 1081 469 1149 collidebat
491 1083 599 1146 καὶτὰ
623 1085 654 1146 ἓν
675 1081 801 1166 πολλά).

304 1188 386 1253 Tum
412 1189 495 1249 inter
519 1185 699 1254 Aristotelis
727 1185 824 1250 libros
852 1190 922 1270 post
948 1185 1013 1273 περὶ
1036 1185 1183 1274 εὐγενείας
1204 1179 1232 1246 σι’
1260 1185 1428 1268 singularis
1451 1193 1498 1249 est
1522 1186 1589 1274 περὶ
1609 1175 1719 1260 ἡδονῆς
1748 1185 1853 1269 (Diog.
1875 1186 1976 1251 Ladrt.

151 1291 193 1372 V,
210 1291 237 1354 1.
256 1291 332 1372 12),
355 1286 387 1352 et
408 1291 490 1352 inter
512 1287 720 1372 Theophrasti
745 1287 843 1369 (Diog.
858 1286 892 1350 L.
908 1287 946 1367 V,
961 1287 990 1349 2.
1010 1286 1068 1367 13.)
1091 1287 1156 1374 περὶ
1179 1275 1287 1361 ἡδονῆς
1309 1291 1348 1362 ὡς
1371 1284 1576 1376 Ἀριστοτέλης
1598 1285 1634 1352 α’.
1672 1285 1747 1374 Περὶ
1761 1277 1870 1363 ἡδονῆς
1892 1287 1977 1352 άλλο.

151 1393 235 1458 Mira·
253 1392 308 1457 illa
329 1392 492 1474 inscriptio
515 1394 555 1463 ὡς
577 1386 783 1476 Ἀριστοτέλης
805 1389 898 1453 aliam
921 1391 953 1452 in
976 1395 1113 1452 mentem
1136 1393 1277 1470 revocat,
1300 1409 1378 1472 quae
1402 1395 1451 1452 est
1472 1389 1556 1474 apud
1578 1389 1665 1472 Diog.
1688 1388 1789 1454 Lae'rt.
1812 1390 1851 1472 V,
1874 1392 1902 1454 1.
1927 1391 1976 1456 12.

151 1495 204 1558 24.
226 1498 381 1566 πολιτικῆς
403 1489 573 1578 ἀκροάσεως
594 1495 634 1565 ὡς
656 1496 675 1561 ἡ
697 1489 894 1579 Θεοφράστου
917 1483 1033 1560 σι’-η’.
1072 1489 1159 1568 Quod
1181 1510 1253 1554 vero
1271 1490 1348 1555 duos
1367 1493 1457 1555 atlert
1471 1491 1624 1574 Diogenes
1641 1490 1736 1556 libros
1753 1491 1791 1556 de
1807 1492 1978 1577 voluptate,

150 1597 186 1661 id
217 1617 285 1660 eam
316 1599 421 1659 movet
449 1595 679 1676 quaestionem,
713 1613 788 1656 num
817 1592 998 1657 Athenaeus
1026 1612 1149 1674 qnoque
1176 1593 1258 1657 inter
1286 1592 1346 1658 duo
1374 1593 1581 1679 Theophrasti
1609 1593 1647 1658 de
1675 1593 1835 1679 uoluptate
1862 1597 1979 1680 scripta

104 1753 107 1760 .
151 1699 341 1764 distinxerit.
386 1697 502 1773 Quater
529 1695 613 1758 enirn
641 1693 748 1758 laudat
769 1694 951 1758 Athenaeus
974 1693 1224 1788 Theophrastum
1246 1715 1284 1758 ex
1309 1694 1388 1760 libro
1411 1696 1476 1782 περὶ
1497 1683 1619 1774 ἡδονῆς,
1653 1715 1747 1778 quem
1769 1694 1903 1760 eundem
1925 1696 1977 1760 VI.

141 1823 184 1885 p.
201 1799 272 1864 273.
289 1819 314 1863 o.
339 1796 573 1862 chamaeleonti
595 1796 774 1860 adscribere
797 1796 929 1860 videtur.
963 1796 1029 1860 lam
1051 1817 1124 1861 vero
1147 1797 1201 1880 qui
1224 1803 1272 1861 est
1293 1798 1377 1882 apud
1393 1797 1589 1862 Athenaeum
1611 1793 1808 1884 Θεοφράστου
1822 1795 1842 1868 ἡ
1857 1794 1978 1886 Χαμαι-

148 1900 276 1976 λέοντος
301 1901 366 1988 περὶ
393 1889 501 1972 ἡδονῆς
527 1898 624 1980 liber,
651 1901 678 1962 si
700 1899 785 1962 idern
807 1906 891 1962 esset
913 1905 1007 1982 atque
1031 1899 1178 1981 Diogenis
1204 1901 1269 1986 περὶ
1296 1889 1405 1973 ἡδονῆς
1427 1897 1519 1979 ἄλλο,
1549 1899 1626 1964 duos
1648 1899 1732 1964 locos
1755 1898 1886 1981 (Athen.
1909 1899 1976 1964 XII.
2078 1977 2080 1987 Ι

148 2024 185 2086 p.
202 2002 273 2066 511.
290 2025 315 2066 c.
333 2008 364 2065 et
379 2001 450 2065 526.
467 2000 509 2083 d.)
533 1999 715 2084 desumptus
739 2021 808 2064 esse
831 2021 869 2063 err
892 2001 970 2065 libro
994 2000 1046 2064 illo
1069 2003 1134 2087 περὶ
1148 1991 1256 2075 ἡδονῆς
1271 2005 1310 2076 ὡς
1325 1999 1546 2089 Ἀριστοτέλης,
1570 2000 1712 2084 duosque
1727 2000 1858 2081 alteros,
1881 2021 1979 2084 quum

149 2103 406 2168 Chamaeleontis
435 2122 558 2186 quoque
586 2105 711 2166 nomine
741 2102 897 2188 adscripto
922 2103 1113 2186 legerentur,
1142 2125 1180 2166 er
1201 2103 1280 2167 libro
1302 2105 1368 2191 περὶ
1390 2093 1498 2179 ἡδονῆς
1520 2101 1606 2186 ἄλλῳ
1628 2102 1780 2188 prodiisse
1803 2102 1980 2188 putandum

137 2214 248 2270 ,esset
271 2204 332 2268 Sed
348 2205 386 2268 de
403 2205 461 2268 hac
477 2204 631 2268 Athenaei
648 2203 849 2269 distinctione
865 2205 1068 2269 vehementer
1084 2205 1205 2282 dnbit03
1223 2206 1274 2269 ille
1292 2205 1376 2269 enirn
1392 2206 1454 2270 nisi
1469 2227 1565 2271 unam
1581 2209 1762 2289 cognovisse
1777 2226 1840 2270 non
1855 2204 1979 2270 videtur

151 2308 357 2392 scriptionem
380 2306 602 2391 Theophrasti,
632 2313 664 2369 et
685 2306 855 2389 Diogenem
877 2307 977 2371 Lairt.
1002 2309 1034 2370 in
1061 2328 1162 2371 errore
1191 2307 1287 2371 fuisse
1316 2309 1465 2389 arbitror,
1495 2308 1549 2391 qui
1575 2329 1672 2392 quum
1695 2307 1733 2372 de
1756 2307 1877 2372 duabus
1899 2309 1978 2371 scri·

38 2419 41 2426 ’
151 2410 257 2489 beret,
280 2409 410 2472 alteram
432 2408 578 2488 haberet,
601 2428 693 2491 quam
712 2408 918 2494 Theophrasti
942 2429 1027 2490 esse,
1049 2412 1083 2473 in
1104 2411 1231 2474 modum
1250 2411 1426 2474 Aristotelis
1450 2412 1675 2494 conscriptam,
1697 2430 1752 2494 pro
1775 2413 1858 2473 certo
1874 2411 1979 2490 sciret,

38 2549 41 2559 ·
154 2510 302 2592 alteram,
324 2514 398 2593 quia
420 2509 669 2575 Chamaeleontis
692 2530 813 2594 quoque
837 2511 962 2575 nomine
985 2513 1138 2596 inscripta
1159 2517 1258 2592 esset,
1280 2531 1351 2576 eam
1372 2513 1411 2576 ob
1428 2531 1573 2576 caussam
1587 2512 1626 2576 ab
1643 2511 1697 2575 illa
1711 2512 1866 2576 diversam
1881 2511 1978 2576 inisse

152 2613 233 2677 falso
264 2612 415 2677 crederet.
459 2613 528 2678 Uno
558 2614 654 2695 igitur
682 2611 735 2676 illo
764 2619 796 2676 et
822 2613 971 2696 singulari
996 2613 1230 2698 Theophrastus
1253 2613 1347 2694 libro,
1376 2619 1527 2696 quantum
1549 2634 1588 2676 ex
1610 2612 1751 2697 reliquiis
1775 2613 1910 2694 conicio,
1939 2612 1978 2678 de
2099 2599 2103 2616 ⁸

152 2716 315 2800 voluptate
338 2717 416 2798 egit,
439 2735 518 2798 quae
542 2720 706 2798 caperetur
728 2735 767 2778 ex
788 2714 927 2794 luxuria,
950 2723 982 2778 et
1003 2703 1112 2785 ἡδονὴν
1130 2716 1237 2780 docuit
1258 2715 1336 2779 nihil
1351 2715 1414 2778 nisi
1429 2717 1566 2798 corporis
1582 2736 1650 2780 esse
1667 2714 1874 2801 voluptatem,
1896 2714 1980 2798 quod

152 2817 284 2900 quidem
314 2816 467 2902 exemplis
498 2819 595 2898 magis
626 2817 701 2880 lecit
729 2837 824 2900 quam
855 2815 1045 2902 praeceptis.¹
1063 2854 1104 2864 -
1131 2817 1217 2880 luter
1238 2816 1394 2882 Stratonis
1420 2817 1625 2902 Lampsaceni
1654 2816 1750 2882 libros
1779 2817 1863 2903 apud
1890 2817 1977 2900 Diog.

150 2919 258 2992 La'esrt.
282 2919 319 3000 V,
342 2919 371 2984 3.
394 2919 423 2983 4.
448 2921 536 2982 iuxta
558 2918 674 2982 librum
700 2920 765 3007 περὶ
792 2916 955 2993 αἰσθὴσεως
982 2924 1050 2983 erat
1075 2940 1157 2983 unus
1184 2919 1249 3007 περὶ
1275 2907 1392 2993 ἡδονῆς.
1438 2918 1635 2987 Heraclidem
1661 2920 1829 2984 Ponticum
1856 2938 1979 3002 quoque

151 3021 195 3086 de
218 3021 386 3106 Voluptate
415 3021 580 3106 scripsisse
608 3027 741 3084 testatur
763 3021 877 3084 Athen.
900 3021 967 3085 Xll.
992 3044 1021 3107 p.
1046 3019 1117 3084 512.
1133 3043 1160 3084 a
1184 3027 1215 3084 et
1242 3019 1326 3084 alibi.
1370 3021 1452 3086 llum
1476 3023 1542 3085 iure
1565 3020 1623 3086 hoc
1651 3021 1743 3086 titulo
1769 3025 1801 3085 in
1824 3019 1979 3086 laudando

149 3123 236 3188 libro
259 3143 334 3186 usus
358 3125 400 3186 sit
420 3123 603 3186 Athenaeus
626 3122 763 3187 dubitari
785 3129 903 3206 potest,
927 3144 998 3187 nam
1021 3123 1108 3206 Diog.
1132 3123 1232 3188 Lairt.
1245 3123 1282 3203 V,
1298 3122 1326 3186 6.
1342 3123 1384 3203 4,,
1407 3125 1461 3206 qui
1482 3122 1607 3187 nullum
1627 3125 1710 3187 inter
1731 3125 1799 3187 eius
1821 3123 1981 3188 volumina

150 3225 272 3290 habeat
292 3226 357 3313 περὶ
378 3213 500 3304 ἡδονῆς,
524 3224 676 3289 librorum
699 3224 874 3306 catalogum
897 3226 982 3290 hisce
1005 3235 1109 3289 tamen
1133 3225 1250 3289 claudit
1271 3224 1390 3288 verbis:
1412 3224 1528 3288 τούτων
1542 3225 1582 3288 τά
1597 3224 1650 3314 pie
1666 3235 1804 3314 κωμικῶς
1817 3225 1980 3305 πέπλακεν,

150 3332 198 3402 ὡς
218 3327 254 3390 cd
277 3328 342 3414 περὶ
363 3315 472 3399 ἡδονῆς
493 3327 544 3388 καὶ
565 3327 630 3414 περὶ
652 3325 853 3415 σωφροσύνης,
881 3327 922 3389 τά
945 3317 979 3391 δὲ
999 3336 1149 3416 τραγικῶς
1170 3350 1196 3389 κ.
1219 3330 1261 3407 λ,
1289 3329 1378 3410 quasi
1399 3325 1515 3391 librum
1535 3329 1601 3415 περὶ
1622 3315 1731 3403 ἡδονῆς
1752 3331 1814 3393 iam
1836 3329 1980 3392 nomina·

150 3431 247 3494 verit.
293 3430 403 3512 Itaque
424 3429 461 3491 τὰ
482 3429 548 3516 περὶ
570 3417 678 3502 ἡδονῆς
701 3431 783 3492 inter
805 3449 842 3492 ea
864 3429 939 3493 latet
961 3429 1133 3509 volumine,
1156 3449 1234 3512 quae
1257 3431 1317 3492 iam
1342 3429 1502 3493 nominata
1523 3435 1613 3508 sunt,
1635 3429 1729 3512 idque
1751 3429 1898 3494 volumen
1919 3428 1980 3492 ibi·

152 3531 233 3595 dem
256 3530 469 3614 quaerendum
493 3550 561 3594 esse
585 3533 742 3616 suspicor,
764 3530 818 3594 ubi
842 3531 920 3596 illud
942 3532 1007 3618 περὶ
1022 3530 1209 3619 σωφροσύνης
1225 3531 1351 3614 legitur;
1375 3533 1461 3614 atqui
1484 3531 1614 3614 catalogi
1635 3533 1724 3596 initio
1746 3537 1810 3596 est:
1834 3519 1980 3620 διάλογοι,

151 3627 200 3696 ὧν
221 3630 312 3704 ἡθικσὶ
335 3631 388 3720 μὲν
409 3633 475 3720 περὶ
498 3621 683 3706 δικαιοσύνης
704 3629 748 3722 μ,
772 3636 802 3696 έν
825 3622 859 3696 δὲ
880 3634 945 3722 περὶ
960 3634 1162 3720 σωφροσύνης,
1184 3633 1249 3721 περί
1269 3654 1305 3695 τε
1321 3633 1470 3715 εὐσεβείας
1485 3627 1523 3712 α’,
1546 3634 1597 3694 καὶ
1617 3634 1683 3720 περὶ
1705 3621 1840 3721 ἀνδρείας
1855 3629 1896 3712 α’,
1917 3652 1982 3696 non

150 3735 254 3817 igitur
276 3735 401 3814 dubito,
429 3737 504 3818 quin
526 3733 608 3818 quod
632 3741 681 3798 est
701 3736 767 3823 περὶ
790 3723 975 3809 δικαιοσύνης
1002 3735 1088 3800 idem
1109 3735 1253 3799 volumen
1276 3734 1372 3798 luerit
1393 3742 1488 3818 atque
1511 3734 1595 3818 quod
1616 3734 1800 3800 Athenaeus
1822 3741 1983 3820 nuncupet

150 3839 224 3925 περὶ
245 3825 362 3910 ἡδονῆς.
406 3836 564 3919 Reliquias
587 3837 671 3901 enim
699 3839 725 3901 si
754 3838 922 3901 contuleris
950 3857 990 3901 cx
1011 3837 1090 3902 libro
1113 3836 1151 3902 de
1175 3837 1312 3912 lustitia,
1341 3836 1379 3900 de
1401 3837 1577 3922 voluptate,
1606 3857 1686 3921 quae
1709 3857 1748 3900 ex
1769 3835 1930 3900 luxuriosa
1951 3841 1983 3922 οφ

153 3939 294 4002 delicata
307 3942 373 4003 vita
394 3941 545 4024 capiatur,
568 3959 639 4002 eum
661 3959 753 4022 agere
775 3939 916 4004 invenies
940 3940 1069 4020 (Athen.
1086 3939 1152 4004 Xll.
1168 3961 1198 4024 p.
1215 3937 1287 4003 5⁶23.
1303 3939 1323 4002 i.
1346 3960 1376 4024 p.
1393 3939 1464 4004 521.
1481 3938 1531 4023 a).
1565 3937 1599 4004 Si
1621 3941 1716 4022 igitur
1738 3959 1808 4002 eam
1829 3939 1868 4003 cb
1892 3958 1982 4003 caus·

154 4062 227 4105 sam
250 4046 415 4124 utramque
438 4043 677 4125 inscriptionem
698 4044 754 4104 uni
775 4041 941 4126 eidemque
964 4043 1044 4107 libro
1065 4041 1199 4106 inditam
1221 4061 1290 4104 esse
1305 4060 1429 4105 mecum
1445 4044 1608 4122 statueris,
1631 4040 1756 4106 credere
1772 4047 1803 4104 te
1819 4041 1983 4126 oportebit,

152 4142 210 4206 uel
226 4142 441 4222 Athenaeum,
464 4145 518 4226 qui
539 4145 645 4228 ipsum
661 4142 834 4208 Heraclidis
857 4143 973 4209 librum
996 4165 1058 4208 non
1075 4143 1202 4223 viderit,
1224 4145 1255 4206 in
1279 4141 1435 4207 laudando
1450 4162 1485 4208 ec
1504 4144 1722 4208 auctoritatem
1736 4142 1869 4207 aliorum
1883 4144 1982 4228 scrip·

157 4252 264 4309 torum
294 4265 363 4308 esse
386 4252 544 4326 secutum,
575 4266 708 4329 quorum
730 4246 809 4310 alter
829 4248 894 4335 περὶ
917 4235 1116 4324 δικαιοσύνης,
1147 4244 1226 4309 alter
1248 4247 1353 4310 nescio
1376 4243 1499 4328 quade
1522 4265 1633 4310 caussa
1653 4246 1719 4334 περὶ
1734 4233 1842 4319 ἡδονῆς
1856 4245 1985 4328 legisset

158 4347 303 4427 titulum,
326 4346 392 4426 vel,
415 4348 497 4429 qnod
519 4348 619 4429 magis
640 4347 792 4433 placebit,
815 4350 897 4412 inter
918 4355 983 4412 tres
1014 4347 1052 4411 de
1074 4347 1199 4412 lustitia
1220 4347 1316 4412 libros
1338 4367 1439 4411 unum
1461 4345 1612 4430 singulari
1633 4348 1838 4433 inscriptione
1862 4347 1900 4412 de
1921 4348 1982 4412 Vo-

158 4449 280 4534 luptate
303 4449 400 4512 luisse
423 4448 589 4530 signatum.

312 4549 511 4614 Antisthenis
534 4549 648 4614 deinde
670 4553 703 4614 in
726 4559 835 4617 octavo
857 4555 1043 4636 scriptorum
1066 4551 1223 4616 volumine
1245 4551 1393 4616 ultimum
1414 4549 1517 4615 locum
1534 4550 1672 4616 obtinuit
1693 4549 1773 4616 liber
1786 4553 1851 4639 περὶ
1865 4539 1983 4632 ἡδονῆς,

162 4651 217 4735 qui
239 4652 501 4736 quemadmodum
527 4655 610 4716 inter
632 4653 751 4716 ethicas
779 4653 817 4717 do
841 4655 974 4719 Homero
1002 4655 1200 4736 quaestiones
1227 4655 1421 4740 pervenerit,
1448 4651 1594 4736 equidem
1620 4656 1726 4718 nescio
1755 4653 1859 4738 (Diog.
1881 4653 1983 4717 Lairt.

161 4754 215 4834 VI,
239 4756 265 4819 1.
289 4755 346 4836 9.).

314 4855 410 4920 Stoici
432 4863 540 4941 postea
566 4858 599 4920 in
625 4857 684 4948 hoc
712 4863 894 4940 argumento
923 4877 985 4922 nou
1012 4857 1161 4922 mediocri
1184 4857 1287 4922 studio
1311 4856 1527 4936 elaborabant,
1554 4865 1721 4942 postquam
1743 4859 1826 4922 Zeno
1848 4855 1881 4922 id
1903 4855 1986 4940 quod

162 4963 305 5021 senserat
325 4957 488 5042 praeclare
509 4959 699 5022 enuntiavit:
721 4959 864 5032 τέλοςτὰ
888 4959 1135 5049 ὁμολογουμένως
1155 4969 1196 5043 τῆ
1219 4958 1303 5046 φύσει
1324 4949 1393 5037 ζῆν,
1421 4959 1491 5046 ὅπερ
1515 4959 1577 5022 ἐστὶ
1599 4956 1666 5021 κατΙ
1689 4959 1797 5046 άρετὴν
1819 4949 1887 5038 ζῆν,
1918 4954 1986 5046 ἄγει

162 5057 219 5148 γάρ
241 5057 311 5146 πρὸς
332 5057 446 5129 ταύτην
467 5065 545 5148 ἡμᾶς
567 5065 586 5132 ἡ
609 5061 691 5149 φύσις
713 5061 813 5144 (Diog.
837 5061 937 5126 Lairt.
962 5062 1027 5143 Vll,
1052 5063 1079 5124 1.
1103 5061 1174 5143 53).
1219 5061 1307 5126 Hanc
1331 5059 1464 5124 eandem
1487 5062 1678 5124 sententiam
1700 5059 1891 5144 argumentis
1913 5079 1984 5145 per-

163 5167 289 5225 secutus
313 5167 361 5226 est
384 5161 550 5226 Cleanthes
572 5163 605 5228 in
627 5162 706 5228 libro
729 5165 794 5251 περὶ
816 5153 924 5238 ἡδονῆς
946 5162 1031 5246 (Vll,
1053 5164 1081 5228 5.
1106 5163 1169 5248 6.),
1196 5169 1228 5226 et
1249 5164 1418 5246 Dionysius
1441 5162 1690 5228 Metathemenus
1718 5165 1751 5226 in
1779 5167 1924 5247 quattuor
1946 5161 1985 5227 de

1745 5278 1784 5332 6.
