4866 6178
958 344 1168 409 ..41-

149 541 199 604 ἑπί
219 536 272 600 τόν
293 533 391 596 πολὺν
412 528 491 596 οἶνον
511 532 562 594 καί
583 521 755 618 πορίζονται
776 529 887 618 τρορυίς
908 529 1078 620 περιέργους
1098 533 1150 594 καὶ
1170 533 1326 607 παντοίας·
1356 535 1387 597 ἑν
1415 522 1449 598 δὲ
1470 535 1619 622 τοῖςπερὶ
1640 535 1696 606 τήν
1718 523 1855 600 Ἐλλάδα
1876 536 1979 613 τόποις

147 637 211 704 οὔτ’
234 640 265 704 έν
285 643 413 726 γραραῖς
440 630 501 696 οὔτ’
529 633 576 696 tat
607 642 668 696 τῶν
694 633 837 720 πρότερον
863 633 1025 721 εὑρήσομεν
1051 633 1193 722 ποτήριον
1218 631 1376 724 εὐμέγεθες
1403 633 1609 723 εἰργασμένον,
1640 637 1721 708 πλήν
1747 646 1809 700 τῶν
1837 639 1886 702 cat
1917 649 1979 714 τοῖς

147 748 300 832 ήριοικοῖς·
319 736 356 800 τύ
377 735 435 824 γὰρ
458 734 543 821 ρὐτύν
566 725 785 822 ὀνομαζόμενον
807 732 905 822 μόνοις
925 744 988 808 τοῖς
1008 733 1116 822 ήρωσιν
1139 724 1334 800 ἀπεδίδοσαν.
1362 735 1379 800 ὃ
1406 739 1457 800 καὶ
1485 725 1564 810 δόξει
1589 738 1664 802 τισὶν
1687 743 1764 827 έχιιν
1786 741 1924 828 ἀπορίαν,
1952 745 1977 804 ai

147 845 192 935 μή
214 867 258 916 τις
279 839 337 929 ἄρα
359 837 476 926 φήσειε,
499 825 550 899 tot
570 837 626 906 τήν
648 825 780 908 ὀξύτητα
801 844 855 909 της
877 836 1046 923 ἑπιρανιίας
1066 845 1129 899 τῶν
1144 826 1293 926 δαιμόνων
1307 826 1543 925 καταδειχθῆναι
1558 848 1663 904 τοῦτο·
1686 840 1836 928 χαλεποὺς
1854 839 1912 931 γοὶρ
1926 841 1977 906 καί

146 945 286 1018 πλήκτας
306 940 377 1015 τοὺς
398 939 495 1026 ήρωας
517 929 667 1026 νομίζουσι
689 937 740 1000 καί
762 939 879 1024 μᾶλλον
900 937 1015 1027 νύκτωρ
1037 935 1057 1008 ή
1080 935 1143 1028 μεθ’
1165 939 1291 1028 ἡμέραν·
1314 940 1394 1014 ὅπως
1416 933 1467 1003 ούν
1483 939 1525 1028 μή
1548 929 1597 1004 διὰ
1611 941 1664 1004 τόν
1677 940 1802 1029 τρόπον,
1825 942 1906 1006 ἀλλὰ
1927 932 1977 1006 ta

145 1049 205 1118 τήν
226 1043 319 1136 μέθην
341 1042 504 1131 ραίνωνται
524 1049 670 1120 τοιοῦτοι,
694 1027 922 1127 δημιουργοῦσιν
943 1040 1052 1115 αύτούς
1073 1042 1211 1115 πίνοντας
1233 1041 1390 1129 ἐκπώμασι
1412 1040 1567 1132 μεγάλοις·
1589 1043 1640 1106 καί
1662 1065 1713 1132 μοι
1735 1032 1857 1108 δοκοῦσι
1878 1045 1982 1133 λέγειυ

145 1153 184 1214 ού
205 1157 306 1222 κακῶς
328 1149 356 1208 οί
378 1143 542 1232 φάσκοντες
563 1142 600 1206 τό
622 1141 702 1230 μέγα
722 1139 862 1227 acropus
885 1140 976 1229 ρρίαρ
998 1143 1142 1232 ἀργυροῦν
1164 1140 1268 1206 εἷναι.“
1306 1141 1356 1208 Ἐν
1377 1143 1494 1218 τούτοις
1516 1147 1633 1235 ἀγνοιῑν
1648 1149 1743 1208 έοικιν
1762 1143 1976 1234 όΧαμαιλίων

146 1253 195 1316 ότι
218 1255 274 1315 ούκ
296 1254 359 1312 ἐστι
382 1245 484 1336 μικρθν
511 1244 547 1307 τύ
572 1240 641 1330 παρ’
669 1239 794 1331 Ὀμήρῳ
823 1231 977 1331 διδόμενον
1004 1253 1049 1326 τῷ
1077 1242 1224 1308 Κύκλωπι
1252 1243 1299 1308 ὑπ’
1327 1234 1497 1320 Ὀδυσσέως
1523 1245 1686 1328 κισσύβιον,
1721 1247 1835 1337 οὐγὰρ
1857 1245 1893 1310 ἂν
1915 1248 1975 1336 τρὶς

145 1354 224 1418 πιὼν
246 1352 341 1425 ούτως
363 1343 533 1434 κατηνέχθη
555 1345 613 1409 hurd
635 1342 726 1434 μέθης
747 1347 924 1419 τηλικοῦτος
947 1345 998 1408 ὤν.

301 1452 448 1517 Extrema
469 1449 525 1512 illa
547 1446 798 1512 Chamaeleontis
826 1447 921 1511 verba
942 1449 1057 1540 repetit
1082 1447 1261 1512 Athenaeus
1282 1449 1319 1513 V.
1342 1470 1372 1533 p.
1398 1450 1467 1515 192.
1483 1471 1511 1512 a
1533 1449 1589 1514 nbi
1611 1449 1649 1514 de
1672 1449 1814 1515 Socrate:
1843 1453 1921 1516 πίνει
1943 1442 1975 1528 ti

145 1562 276 1649 ἀργυροῦ
299 1553 438 1642 ρρίατος,
462 1551 555 1631 dicit,
584 1554 683 1624 καλῶς
705 1549 763 1638 γάρ
783 1571 828 1622 τις
848 1549 889 1611 τὰ
912 1547 1032 1638 μεγάλα
1053 1549 1182 1636 ποτήρια
1203 1549 1297 1625 οὕτως
1318 1551 1465 1639 ὠνόμασε.
1509 1551 1559 1616 Ad
1581 1573 1677 1636 supra
1698 1551 1792 1616 allata
1814 1553 1973 1619 Casaubo·

144 1682 208 1742 pus
230 1662 264 1723 in
285 1656 425 1736 margine
447 1652 615 1736 adscripsit
637 1671 704 1736 pag.
721 1649 783 1714 462
807 1649 953 1715 editionis
976 1671 1064 1715 suae:
1089 1651 1233 1736 ,lnepta,
1257 1651 1404 1732 ridicula,
1426 1652 1542 1733 futilis,
1564 1653 1694 1738 puerilis
1709 1653 1786 1720 haec
1802 1655 1880 1720 mihi
1894 1657 1972 1720 ratio

144 1763 288 1840 videtur,
315 1761 354 1822 n‘e
378 1756 480 1820 dicam
502 1757 614 1838 impia,
642 1755 729 1836 qnasi
753 1751 790 1815 ad
815 1751 967 1816 meleficia
990 1753 1183 1836 designanda
1204 1753 1355 1818 ebrietate
1378 1757 1565 1849 instigentur
1587 1755 1663 1820 dii.“
1705 1755 1803 1822 Nemo
1826 1760 1973 1824 conviva·

143 1885 233 1945 rum,
254 1863 379 1946 opinor,
403 1857 441 1922 de
464 1856 522 1934 hac
539 1855 713 1920 Casauboni
737 1855 991 1938 interpretatione
1014 1858 1176 1938 cogitavit,
1199 1877 1300 1940 neque
1322 1857 1457 1922 arbitror
1471 1858 1632 1942 equidem,
1653 1858 1721 1922 iure
1744 1859 1860 1923 olleudi
1880 1880 1972 1944 posse
2034 1894 2038 1909 ›
2107 1911 2110 1919 .

143 1962 348 2050 Peripatetici
371 1961 562 2038 narratione,
585 1960 757 2041 quiquam
780 1957 889 2022 rudem
906 1959 1066 2041 ieramquo
1090 1957 1217 2023 heroum
1233 1965 1383 2040 aetatem,
1406 1979 1562 2043 quamque
1582 1981 1707 2026 omnem
1728 1961 1856 2026 modum
1879 1982 1971 2027 exce-

145 2071 259 2134 dentes
281 2084 385 2130 eorum
410 2081 512 2126 mores
535 2061 595 2126 sibi
614 2061 760 2124 finxerint
777 2060 902 2139 Graeci,
924 2081 986 2124 non
1003 2062 1131 2142 ignoret.
1166 2061 1372 2126 Chamaeleon
1390 2063 1484 2144 igitur
1498 2063 1635 2128 Deorum
1650 2062 1834 2144 religionem
1848 2063 1971 2129 laedere

143 2170 275 2236 minime
297 2165 438 2244 volebat,
465 2163 537 2233 sed.
565 2183 603 2228 ea
624 2161 793 2227 obstrictus
816 2165 922 2245 quasi,
949 2183 1027 2245 qnae
1050 2162 1133 2248 apud
1156 2164 1289 2229 Graecos
1313 2163 1451 2246 volgaris
1474 2170 1556 2245 erat,
1585 2163 1624 2228 da
1646 2164 1793 2230 heroibus
1815 2166 1970 2250 opinione,

143 2271 294 2336 studebat
308 2270 425 2331 victum
443 2269 480 2330 iis
495 2266 654 2348 ellingerc,
676 2265 731 2347 qui
752 2263 914 2348 stupendis
929 2285 1035 2330 eorum
1052 2266 1243 2332 facinoribus
1257 2273 1422 2352 parasset,
1440 2266 1660 2350 insolitamque
1676 2266 1802 2332 vivendi
1817 2268 1972 2334 rationein

142 2377 183 2438 iis
206 2370 393 2450 attribuere,
427 2389 506 2452 quae
533 2379 672 2432 monstra
699 2365 753 2430 illa
779 2375 811 2430 et
837 2367 975 2451 prodigia
998 2367 1195 2452 progigneret
1216 2375 1249 2430 et
1269 2369 1429 2454 proferret.
1475 2368 1562 2446 Quod
1585 2367 1740 2453 Ulpianus
1762 2371 1796 2433 in
1818 2369 1969 2434 Chamae-

142 2477 247 2540 leonte
269 2476 428 2558 vituperat
450 2470 534 2535 aliud
557 2469 706 2553 quiddam
729 2475 785 2533 cst.
831 2469 913 2533 Vitio
936 2473 1020 2534 euim
1043 2471 1072 2534 ei
1095 2470 1163 2550 dat,
1191 2469 1290 2553 qnod,
1320 2490 1419 2554 quum
1440 2472 1472 2534 in
1496 2471 1627 2535 Graecia
1648 2470 1759 2555 pocula
1781 2471 1835 2536 illa
1857 2472 1970 2558 ampla,

142 2598 223 2662 quae
246 2599 265 2640 a
288 2576 428 2641 barbaris
451 2574 577 2638 demum
600 2571 715 2635 donata
730 2576 851 2651 essent,
874 2573 961 2637 initio
978 2574 1082 2655 ignota
1097 2573 1193 2636 luisse
1210 2572 1339 2654 dixerit,
1362 2571 1530 2658 Cyclopem
1544 2572 1629 2658 apud
1644 2573 1814 2638 Homerum
1828 2574 1969 2657 κισσυβίῳ

141 2681 188 2744 nti
213 2679 337 2763 (Odyss.
362 2702 378 2740 ι.
401 2677 492 2756 346),
521 2696 581 2759 qno
604 2681 652 2737 ter
674 2673 824 2737 exhausto
847 2673 952 2738 ebrius
980 2681 1064 2738 esset
1085 2675 1204 2757 factus,
1231 2694 1293 2738 non
1316 2675 1491 2758 respexisse
1514 2675 1647 2740 videtur.
1692 2675 1738 2740 Ex
1761 2695 1822 2759 qua
1845 2677 1969 2740 Homeri

141 2783 322 2846 narratione
345 2779 443 2858 effici,
467 2778 526 2842 nisi
552 2777 723 2862 putandum
746 2780 845 2856 esset,
868 2781 922 2838 aut
941 2778 1046 2840 vinnm
1071 2775 1167 2840 inisse
1190 2777 1410 2858 gravissimum
1432 2784 1486 2840 aut
1500 2776 1684 2861 Cyclopem,
1706 2780 1758 2861 qui
1780 2797 1879 2861 usque
1901 2783 1969 2843 tum

141 2883 225 2949 lacte
248 2883 354 2948 satiari
376 2881 488 2946 solitus
510 2887 610 2958 esset,
638 2881 710 2943 vinc
738 2877 860 2941 facilius
887 2879 1058 2943 obnoxium
1085 2878 1199 2958 fuisse,
1229 2877 1382 2962 Ulpianus
1410 2877 1536 2943 censuit
1562 2878 1711 2961 κισσύβιον
1738 2878 1968 2964 amplissimum

139 2987 241 3051 luisse
263 3007 327 3050 vas.
373 2985 454 3048 lluic
476 3003 550 3046 vero
573 2979 698 3066 Ulpiani
721 2982 919 3045 coniecturae
946 2987 1120 3065 repugnant
1146 3001 1225 3064 quae
1247 2981 1361 3046 Athen.
1381 2981 1434 3046 XI.
1456 3003 1486 3066 p.
1502 2980 1574 3045 476.
1591 2981 1611 3047 ί.
1636 2981 1674 3046 de
1696 2983 1846 3065 κισσυβίου
1868 2981 1967 3047 forma

139 3095 172 3152 et
193 3085 411 3170 magnitudino
434 3085 555 3164 attulit,
583 3103 724 3168 quaeque
752 3103 790 3146 ex
814 3081 953 3164 Dionysii
982 3083 1079 3147 Samii
1106 3081 1289 3168 paraphrasi
1317 3081 1482 3166 (Διονύσιος
1509 3087 1525 3146 ό
1553 3067 1666 3172 Σάμιος
1692 3085 1723 3148 ίν
1743 3095 1805 3160 τοῖς
1826 3087 1891 3173 περί
1913 3095 1966 3150 τοῦ

138 3190 255 3253 κύκλου
278 3187 391 3253 Athen.
415 3187 466 3252 Xl.
492 3209 521 3272 p.
536 3188 608 3257 477,
625 3185 654 3249 d.
678 3187 709 3248 ἐν
731 3183 810 3266 ἕκτῳ
831 3186 897 3272 περὶ
917 3193 972 3248 τοῦ
996 3183 1119 3248 Κύκλου
1143 3205 1171 3269 p.
1187 3185 1259 3248 481.
1275 3184 1313 3260 ο.)
1336 3193 1524 3269 sequnntur,
1547 3205 1643 3270 qnnnr
1663 3187 1787 3252 scribit:
1811 3188 1862 3250 καὶ
1876 3188 1967 3252 αὐτόν

138 3282 305 3365 Ὀδυσσεύς
325 3294 402 3378 όρῶν
422 3298 521 3352 ταῦτα
543 3297 687 3351 ποιοῦντα
707 3286 865 3374 πληρώσας
886 3296 941 3350 τοῦ
964 3290 1043 3350 οἴνου
1065 3288 1190 3374 κυμβίον
1212 3275 1317 3351 δίδωσι
1337 3297 1428 3366 πιεῖν,
1450 3296 1482 3352 et
1503 3308 1601 3372 quum
1615 3289 1798 3354 Simaristns
1817 3291 1850 3354 in
1865 3289 1965 3373 Syno-

137 3397 245 3478 nymis
267 3393 379 3482 κύμβια
401 3391 573 3456 reddiderit
594 3391 633 3453 τοὶ
660 3391 748 3454 κοῖλα
773 3389 902 3474 ποτήρια
929 3391 980 3452 καὶ
1007 3387 1112 3479 μικρά,
1143 3409 1243 3473 neque
1271 3390 1326 3454 ubi
1352 3392 1384 3454 in
1413 3388 1524 3472 Odyss.
1547 3381 1579 3470 i„
1603 3389 1652 3456 78.
1681 3413 1718 3472 π,
1741 3391 1790 3456 52.
1815 3391 1965 3472 κισσυβίου

136 3499 258 3562 mentio
280 3496 365 3559 lacta
386 3501 449 3575 est,
472 3513 674 3578 permagnum
697 3491 822 3575 aliquod
846 3491 903 3556 hoc
927 3493 1051 3556 nomine
1074 3492 1267 3574 significetur
1287 3511 1359 3574 ras,
1382 3491 1537 3577 Ulpianus
1558 3491 1674 3557 iniuste
1690 3499 1796 3556 tamm
1812 3491 1964 3556 Chamae-

135 3599 278 3664 leontem
305 3595 544 3682 reprehendisse
566 3595 705 3675 uidetur,
733 3595 856 3658 etiamsi
880 3593 1032 3676 Didymus
1059 3594 1186 3678 quidem
1209 3595 1297 3682 ρησὶν
1319 3594 1461 3682 ἐπίμηκες
1488 3591 1562 3660 εἶναι
1590 3595 1626 3656 τό
1654 3593 1795 3680 ποτήριον
1816 3595 1868 3656 καὶ
1896 3615 1964 3657 στι-

136 3701 185 3765 odo
209 3709 255 3782 τῷ
277 3699 424 3788 σχήματι,
446 3699 609 3786 παρόμοιον
630 3697 738 3778 πλοίῳ,
760 3705 791 3760 et
813 3696 967 3780 Ulpianus
990 3698 1054 3781 (ap.
1078 3695 1193 3762 Athen.
1217 3695 1267 3762 XI.
1291 3717 1320 3781 p.
1344 3696 1405 3761 481
1422 3697 1465 3781 e.)
1491 3701 1674 3779 argumenta
1695 3697 1810 3760 iterum
1830 3695 1962 3781 profert:

136 3808 192 3868 ούκ
220 3809 283 3866 ἐστι
310 3790 344 3866 δέ
372 3800 476 3889 μικρόν
502 3799 538 3863 τό
567 3787 723 3887 διδόμκνον
750 3801 833 3881 αύτῷ
860 3799 1009 3881 κισσύβιον
1035 3796 1102 3885 παρ’
1124 3794 1263 3886 Ὁμήρῳ·
1296 3801 1331 3861 ού
1352 3798 1411 3888 γὰρ
1432 3797 1469 3862 ἂν
1490 3799 1551 3887 τρίς
1577 3797 1667 3878 πιών,
1701 3797 1840 3888 μέγιστος
1864 3793 1905 3860 διν
1926 3797 1963 3862 τύ

136 3915 242 3995 σῶμα,
264 3901 380 3991 ταχέως
402 3901 439 3966 ἂν
461 3905 517 3966 ὑπὸ
538 3910 592 3976 τῆς
614 3898 706 3991 μέθης
727 3898 906 3990 κατηνέχθη.
951 3901 1030 3966 Nam
1059 3919 1158 3984 neque
1186 3901 1271 3984 apud
1297 3901 1500 3966 Theocritum
1527 3902 1561 3964 in
1583 3899 1672 3982 ldyll.
1696 3923 1730 3980 α,
1754 3899 1803 3964 27.
1827 3898 1964 3983 κισσύβια

135 4005 244 4092 ampla
264 4014 297 4070 et
318 4025 487 4090 permagna
508 4012 585 4069 sunt
608 4025 684 4068 vasa
711 4004 767 4088 (ci.
791 4003 949 4068 Heindorf.
978 4003 1017 4068 ad
1041 4002 1169 4068 Theocr.
1192 4001 1212 4066 l.
1236 4003 1256 4068 l.
1280 4002 1316 4069 Ο.
1339 4002 1477 4068 Mueller.
1501 4000 1663 4067 Archaeol.
1687 4001 1761 4066 edit.
1783 4001 1822 4068 ΙΙ.
1846 4023 1875 4087 p.
1899 4001 1962 4068 394

135 4109 153 4192 β
176 4109 251 4174 298.
270 4109 326 4191 1.),
347 4127 450 4191 neque
473 4127 552 4190 quae
576 4107 659 4192 apud
682 4106 868 4170 Muellerum
891 4109 922 4170 in
946 4105 1039 4172 Arch.
1062 4126 1091 4189 p.
1108 4104 1171 4169 660
1192 4103 1211 4187 β
1233 4104 1306 4170 416.
1325 4106 1352 4168 1.
1376 4104 1542 4169 laudantur
1563 4106 1715 4188 imagines
1738 4103 1883 4190 poculum
1905 4125 1961 4170 ea·

134 4211 249 4278 hibent
268 4213 349 4275 mira
371 4209 506 4294 quadam
528 4209 754 4290 magnitudine.
799 4207 860 4272 Sed
886 4208 1054 4293 Ulpianus,
1081 4209 1108 4271 si
1135 4209 1261 4272 omnino
1290 4206 1457 4287 tacuisset,
1489 4226 1529 4272 ne
1551 4208 1619 4292 ipse
1642 4209 1675 4272 iu
1697 4209 1961 4292 vituperationem

134 4313 306 4394 incideret,
333 4311 478 4378 cavisset.
526 4311 607 4376 Nam
629 4312 655 4376 si
677 4310 724 4374 vel
754 4311 792 4375 de
815 4310 993 4396 permagnis
1014 4309 1291 4374 vasis'llornerum
1313 4309 1417 4373 dicere
1441 4309 1657 4391 concedimus,
1683 4315 1789 4374 ίιιιιιοιι
1817 4309 1961 4395 exempla

134 4416 205 4498 illa,
233 4435 312 4499 quae
336 4414 488 4500 Ulpianus
510 4412 631 4494 attulit,
652 4413 691 4478 ad
714 4413 988 4478 Chamaeleontem
1010 4411 1209 4477 reiumndum
1231 4409 1309 4475 nibil
1333 4410 1435 4475 valere
1458 4411 1620 4493 videntur,
1648 4414 1721 4496 quia
1743 4418 1775 4475 et
1796 4411 1905 4478 Ulixes
1927 4417 1960 4476 et

135 4521 189 4602 qui
213 4538 251 4581 ex
272 4517 307 4583 11.
331 4519 359 4580 λ
382 4517 443 4581 632
464 4516 635 4580 arcessitus
657 4522 722 4595 est,
744 4515 856 4580 Nestor
879 4515 1007 4578 heroum
1029 4516 1125 4578 aetati
1147 4521 1222 4579 sunt
1242 4513 1447 4592 accensendi,
1472 4513 1511 4578 de
1533 4533 1596 4597 qua
1617 4515 1783 4597 quominus
1805 4517 1838 4578 iu
1861 4534 1957 4598 quae·

135 4621 237 4687 stione
261 4619 299 4684 de
321 4618 406 4684 vasis
429 4620 591 4702 cogitetur,
613 4621 680 4704 ipse
703 4620 827 4702 excepit
848 4616 1053 4682 Chamaeleon
1077 4615 1125 4681 his
1148 4615 1269 4680 verbis:
1293 4615 1372 4686 πλήν
1393 4623 1454 4678 τῶν
1477 4616 1525 4680 ἐπὶ
1545 4625 1606 4689 τοῖς
1627 4619 1771 4703 ήρωικοῖς.

287 4722 404 4800 Quodsi
426 4720 738 4804 Schweighaeuserns
761 4722 792 4783 in
815 4719 981 4784 Animadv.
1006 4719 1055 4783 Vl.
1079 4741 1108 4804 p.
1134 4721 1172 4782 16
1196 4717 1291 4782 verba
1310 4717 1404 4781 haec:
1433 4715 1496 4780 οὔτ’
1522 4717 1553 4782 ἐν
1579 4727 1718 4806 γραφαῖς,
1745 4715 1876 4782 οὔτ’ἐπὶ
1894 4727 1957 4782 τῶν

134 4825 275 4913 πρότιρον
296 4827 522 4910 interpretatus
545 4829 607 4887 est:
638 4841 740 4906 neque
763 4824 795 4885 in
818 4821 950 4905 picturis
973 4841 1073 4904 nequo
1097 4819 1135 4884 de
1156 4821 1287 4904 priscis,
1315 4827 1350 4882 et
1373 4826 1444 4903 post
1465 4818 1596 4884 alteram
1617 4818 1696 4885 illud
1718 4819 1788 4882 οὔτι
1810 4818 1957 4884 lacunam

135 4945 203 4991 esse
225 4929 363 5012 putavit,
390 4929 422 4991 in
451 4933 583 5010 utraque
611 4945 648 4988 ca
669 4944 701 4988 re
724 4944 845 4988 errasse
868 4923 999 4988 videtur.
1045 4922 1279 4990 chamaeleonti
1301 4921 1384 4984 euim
1408 4920 1466 4986 hoc
1489 4920 1593 4986 dicere
1615 4924 1648 5008 in
1665 4922 1773 4998 animo
1796 4927 1877 4985 erat:
1907 4941 1956 5004 es,

136 5027 172 5092 de
195 5029 310 5112 quibus
332 5035 487 5108 narraret,
515 5027 628 5114 pocula
654 5047 755 5110 neque
784 5028 816 5090 in
839 5028 970 5111 picturis
993 5033 1097 5089 extare
1120 5045 1178 5088 nec
1201 5043 1234 5088 re
1256 5043 1330 5088 vera
1351 5025 1433 5087 iuter
1459 5025 1590 5107 antiqua
1611 5043 1744 5108 usquam
1765 5023 1801 5088 in
1824 5023 1956 5088 Graecia

135 5131 277 5198 inveniri.
321 5133 431 5216 ltaque
459 5132 669 5216 contraposita
695 5131 756 5195 sibi
780 5129 941 5194 videntur:
969 5147 1070 5210 nequa
1097 5129 1180 5192 inter
1206 5127 1396 5192 recentiores
1421 5127 1558 5191 artifices
1586 5125 1738 5211 quosdam
1759 5145 1796 5190 ea
1823 5125 1953 5194 finxisse

1700 5243 1715 5296 6
