4866 6178
1249 377 1459 442 ,20-

440 561 503 628 Kal
523 563 581 636 την
602 561 720 652 Σαπφὼ
743 553 778 628 δὲ
798 563 870 652 πρός
890 563 991 630 ταῦτά
1012 559 1099 652 φησιν
1121 569 1218 628 εἰπεῖν

557 688 559 692 ·
998 675 1112 747 κεῖνον,
1134 661 1159 730 ὦ
1181 663 1356 754 χρυσόθρονε
1378 663 1491 738 blood,
1514 671 1627 740 ἔνισπες

999 767 1090 856 ίίμνον
1111 768 1147 831 ίκ
1167 777 1223 842 τόός
1244 768 1474 858 καλλιγύναικος
1497 763 1604 842 ἐσθλοῖς
1629 820 1637 830 .

999 867 1090 945 Τήιος
1111 869 1222 958 χώρας,
1245 867 1278 932 όν
1301 859 1382 934 ἄειδε
1403 867 1535 956 τέρπνως

1091 969 1226 1061 Πρέσβυς
1247 959 1368 1062 ἀγαυός.

439 1067 515 1137 Ὁτι
537 1061 572 1136 δὲ
593 1077 648 1137 οὐκ
670 1080 734 1139 aaa
756 1071 898 1163 Σαπφοῦς
919 1084 1010 1138 τοῦτο
1031 1074 1069 1138 τό
1091 1069 1174 1162 ᾆσμα
1194 1075 1285 1138 παντί
1306 1096 1365 1137 που
1387 1062 1488 1145 δῆλον.

441 1173 485 1242 CI.
508 1175 595 1240 Neue
618 1175 734 1262 Sapph.
756 1176 867 1260 fragm.
890 1198 920 1262 p.
938 1176 1008 1241 101.
1031 1176 1142 1259 Rergl.
1165 1176 1280 1240 Anaor.
1303 1175 1357 1240 rel.
1381 1196 1449 1260 pag.
1473 1176 1515 1240 99
1530 1195 1598 1259 sqq.
1627 1175 1740 1240 Polites
1762 1173 1820 1258 lyr.
1836 1174 1885 1239 ed
1900 1175 1925 1238 Ι.
1941 1195 1971 1259 p.
1988 1171 2050 1238 668
2066 1181 2098 1238 et
2111 1195 2180 1260 pag.
2196 1175 2274 1240 606.

590 1279 637 1343 De
651 1279 824 1343 inveterato
839 1298 943 1343 errore
957 1277 1141 1343 Athenaeus
1155 1277 1175 1341 l.
1192 1276 1212 1341 l.
1228 1279 1383 1358 narravit,
1404 1281 1659 1342 Annacreoutem
1674 1275 1876 1362 Sapphonem
1895 1296 2035 1357 amasse,
2057 1277 2141 1360 quod
2156 1279 2275 1341 aetatis

440 1382 602 1464 utriusque
629 1382 749 1446 ratione
782 1385 867 1444 recte
895 1379 1018 1461 habita,
1052 1379 1122 1444 fieri
1154 1399 1218 1442 non
1250 1379 1363 1464 potuit.
1417 1378 1526 1444 Falsas
1554 1378 1639 1444 illius
1666 1380 1823 1463 opinionis
1852 1385 2036 1462 argumento
2063 1399 2102 1442 ex
2131 1380 2274 1443 carmine

439 1481 576 1567 quodam
596 1483 804 1548 Anacreontis
827 1488 1037 1566 quaeruntur,
1060 1481 1144 1565 quod
1166 1480 1295 1564 quidem
1316 1481 1490 1565 genuinum
1512 1488 1576 1561 est,
1598 1481 1654 1546 sed
1676 1479 1757 1545 nihil
1778 1487 1886 1546 tamen
1908 1481 1948 1545 de
1970 1479 2137 1566 Sapphone
2160 1479 2274 1558 habet;

438 1589 532 1670 polita
558 1587 643 1650 enim
669 1604 774 1649 amore
801 1584 961 1668 perditus,
988 1584 1135 1648 Lesbiam
1157 1583 1294 1668 aliquam
1316 1582 1454 1668 puellam
1477 1589 1600 1666 cantat,
1622 1603 1684 1648 non
1707 1581 1915 1674 Sapphonem.
1937 1597 1940 1602 “
1964 1583 2083 1647 Versus
2104 1603 2193 1664 vero,
2215 1583 2274 1666 qui

439 1687 576 1773 poetriae
602 1686 651 1752 illi
677 1685 884 1769 adscribitur,
910 1705 947 1750 ea
967 1684 1052 1782 ,aueo
1080 1685 1229 1768 indignus
1259 1683 1398 1768 videtur,
1427 1691 1463 1750 ut
1484 1685 1548 1750 iam
1569 1707 1589 1749 a
1610 1685 1770 1750 veteribus
1791 1687 1910 1750 criticis
1937 1685 1967 1749 ei
1994 1685 2195 1750 abiudicatns
2218 1687 2272 1748 sit

440 1791 540 1868 Quam
567 1795 673 1854 antem
699 1788 854 1854 rationem
876 1786 1086 1852 Chamaeleon
1112 1789 1144 1851 in
1173 1787 1232 1852 hcc
1259 1789 1437 1852 narratione
1464 1791 1592 1852 secutus
1618 1787 1661 1852 sit
1687 1790 1716 1852 si
1742 1789 1813 1871 quis
1840 1793 1988 1871 quaeret,
2016 1787 2046 1850 ei
2072 1805 2153 1870 quae
2174 1807 2274 1871 supra

440 1891 604 1958 docuimus
629 1890 664 1955 in
690 1890 876 1956 memoriam
898 1909 1091 1955 revocamus.
1131 1889 1221 1967 Quod
1241 1889 1276 1953 in
1296 1888 1455 1973 Aeschylo
1481 1909 1605 1973 quoque
1628 1909 1701 1954 eum
1722 1889 1835 1954 lesisse
1857 1897 1967 1975 postea
1988 1889 2126 1974 patebit,
2151 1888 2185 1953 id
2211 1889 2273 1954 hoe

439 2014 564 2078 quoque
590 1995 624 2058 in
649 1991 730 2058 libro
756 1993 871 2056 lenisse
898 1991 1038 2070 videtur,
1068 1998 1103 2056 ut
1128 1993 1228 2056 vitam
1249 1995 1359 2077 po'etae
1389 2011 1428 2056 ex
1455 1993 1522 2056 eius
1550 1991 1744 2056 carminibus
1771 1994 2040 2077 interpretaretur.
2096 1991 2156 2055 Hic
2185 1993 2273 2056 enim

438 2096 720 2180 Peripateticorum
749 2099 799 2158 est
825 2114 909 2172 mos3
938 2091 1012 2158 huic
1043 2093 1197 2178 plurimae
1227 2093 1383 2159 debentur
1412 2093 1451 2158 de
1479 2094 1555 2158 viris
1586 2093 1687 2160 doctis
1716 2093 1986 2175 narratiunculae,
2015 2091 2072 2158 sed
2103 2113 2182 2177 quae
2208 2093 2272 2158 fide

440 2203 577 2264 careant.
592 2233 634 2244 —
651 2194 861 2262 Chamaeleon
881 2197 978 2278 igitur
1000 2215 1109 2260 eorum
1131 2197 1321 2260 sententiam
1343 2203 1486 2278 secutus,
1507 2197 1564 2280 qui
1581 2198 1790 2262 Anacreontis
1806 2215 1914 2260 versus
1928 2215 2002 2260 rere
2017 2194 2179 2280 Sapphoni
2199 2216 2271 2260 esse

439 2303 607 2386 inscriptos
630 2305 662 2362 et
682 2297 723 2362 ad
745 2318 798 2363 eos
820 2300 960 2364 carmine
982 2318 1038 2363 sno
1060 2297 1262 2384 Sapphonem
1283 2298 1483 2384 respondisse
1513 2297 1675 2379 docerent,
1704 2301 1937 2364 Anacreontem
1965 2296 2143 2383 Sapphonis
2165 2317 2271 2362 amore

440 2407 568 2486 captum
589 2401 687 2466 fuisse
710 2398 853 2466 credidit.
897 2399 998 2465 Aliter
1020 2403 1106 2466 enim
1127 2421 1191 2466 non
1213 2401 1273 2465 erit
1294 2400 1496 2465 statuendum
1518 2399 1558 2466 de
1573 2400 1728 2466 Athenaei
1750 2399 1818 2466 loco
1840 2407 1967 2486 propter
1988 2399 2159 2464 articulum
2178 2399 2271 2464 illum
2405 2363 2413 2437 ²¹

441 2501 625 2592 Χαμαιλέων
648 2492 695 2582 δέ,
718 2505 773 2587 qui
794 2501 1003 2607 contentionis
1024 2502 1121 2568 habet
1142 2502 1281 2586 aliquam
1302 2505 1375 2568 vim.

1141 2742 1176 2804 V.
1211 2741 1265 2806 De
1295 2741 1569 2806 Anacreonte.

591 2911 704 2978 Athen.
727 2911 795 2977 XII.
818 2931 848 2995 p.
865 2910 937 2977 533.
962 2929 988 2976 e.
1022 2907 1207 3000 Χαμαιλέων
1230 2901 1255 2974 δ’
1277 2914 1293 2974 ό
1316 2909 1558 2998 Περιπατητικός
1579 2913 1611 2973 ίν
1631 2919 1676 2993 τῷ
1697 2912 1765 3000 περὶ
1785 2909 1993 2999 Ἀνακρέοντος
2013 2907 2131 2999 προθείς
2151 2909 2188 2974 τό

1149 3011 1256 3098 Ξανθῇ
1279 3002 1313 3076 δὲ
1333 3011 1361 3103 γ’
1382 3010 1544 3100 Εὐρυπύλῃ
1568 3011 1653 3102 μίλει

998 3111 1039 3179 ‘0
1060 3115 1255 3205 περιφόρητος
1277 3111 1425 3204 Ἀρτέμων

439 3217 495 3290 τόν
516 3217 713 3307 προσηγορίαν
734 3215 850 3288 ταύτην
870 3219 977 3302 λαβεῖν
996 3216 1050 3282 τόν
1068 3215 1238 3306 Ἀρτέμωνα
1261 3205 1312 3282 διὰ
1332 3217 1369 3281 τό
1391 3225 1541 3305 τρυφερῶς
1563 3217 1685 3300 βιοῦντα
1706 3213 1915 3305 περιφέρεσθαι
1936 3217 1985 3281 trel
2005 3216 2118 3310 κλίνης·
2140 3215 2270 3306 καὶγὰρ

440 3316 600 3408 Ἀνακρέων
622 3319 715 3384 αὐτόν
738 3319 773 3382 ἐκ
793 3320 895 3395 πενίας
917 3323 957 3395 τίς
978 3318 1091 3408 τρυφὴν
1115 3320 1242 3408 ὁρμῆσαί
1264 3341 1351 3407 φησιν
1372 3322 1404 3383 ίν
1424 3317 1549 3393 τούτοις
1582 3340 1609 3380 κ
1624 3321 1659 3383 .λ.

593 3421 638 3487 Cf.
661 3421 719 3488 Tb.
742 3419 854 3504 Bergk.
878 3420 917 3486 de
933 3422 1055 3512 Anacr.
1077 3442 1106 3506 p.
1123 3421 1181 3500 Pi,
1204 3421 1274 3486 110.
1296 3457 1327 3467 -
1352 3420 1399 3484 Ex
1420 3421 1629 3485 Anacreontis
1652 3419 1790 3486 carmine
1813 3422 2029 3504 cognoscitur,
2055 3421 2269 3502 Artemonem,

439 3523 600 3590 hominem
620 3523 807 3608 ignobilem,
829 3543 903 3588 casu
929 3523 1065 3607 quodam
1086 3535 1214 3608 repente
1234 3522 1425 3608 locupletem
1445 3522 1582 3604 factum,
1603 3524 1667 3587 ism
1690 3543 1784 3587 curru
1806 3522 1894 3605 vehi,
1917 3521 2078 3607 flavaeque
2092 3521 2268 3608 Eurypylae

438 3628 539 3710 magis
567 3625 653 3690 cordi
680 3646 765 3707 esse,
793 3645 888 3709 quam
914 3628 1021 3710 ipsum
1047 3629 1182 3710 podiam.
1225 3625 1314 3690 Hanc
1342 3646 1381 3688 ex
1408 3623 1548 3689 carmine
1570 3626 1638 3708 ipso
1660 3623 1807 3690 haustam
1835 3627 2127 3710 interpretationem
2147 3627 2268 3710 primus

438 3730 562 3792 invenit
583 3726 808 3810 Chamaeleon,
830 3729 885 3812 qui
906 3727 1038 3792 sortasse
1061 3747 1101 3792 er
1121 3731 1231 3813 politae
1258 3726 1364 3792 verbis
1390 3727 1533 3810 ίπιβαίνςι
1560 3725 1702 3790 σατινίων
1723 3733 1909 3810 argumenta
1931 3729 1999 3793 eius
2022 3727 2208 3812 desumpsit.
2228 3763 2268 3772 —-

440 3831 499 3908 Qui
514 3837 625 3915 postea
638 3829 804 3916 proverbia
817 3829 1019 3913 digesserunt
1031 3829 1124 3911 male,
1139 3849 1220 3914 quae
1236 3828 1444 3894 Chamaeleon
1460 3828 1617 3910 docuerat,
1639 3827 1870 3894 intellexerunt.
1900 3829 1958 3894 Ille
1975 3831 2060 3894 enim
2074 3828 2268 3917 περιφόρητος

439 3931 626 3997 vocabulum
651 3934 697 3996 ita
723 3937 863 4018 ceperat,
890 3938 927 3996 ut
952 3937 1037 3996 essct
1064 3951 1159 3997 curru
1187 3933 1432 4008 circumvectus;
1460 3933 1514 4015 qui
1531 3951 1616 4000 nero
1643 3935 1753 4016 postea
1779 3932 1945 4016 proverbia
1970 3932 2167 4016 interpretati
2195 3939 2268 3996 suot

439 4033 633 4123 περιφόρητον
656 4032 829 4124 Ἀρτέμωνα
848 4033 1068 4098 mechanicum
1089 4033 1248 4100 iaciebant
1267 4033 1416 4098 Aristidis
1438 4032 1617 4117 aequalem,
1640 4032 1695 4116 qui
1718 4031 1792 4116 qnia
1810 4031 1940 4097 claudus
1964 4041 2048 4098 esset
2068 4033 2165 4098 altero
2187 4031 2266 4118 pede

371 4176 373 4184 ι
440 4134 481 4199 ad
503 4155 540 4202 ea
561 4135 630 4201 loca
651 4137 846 4202 circumferri
868 4155 937 4201 sese
958 4137 1120 4217 iussisset,
1141 4134 1196 4200 ubi
1219 4135 1294 4200 belli
1316 4134 1480 4200 machinae
1502 4141 1611 4199 contra
1632 4155 1737 4199 muros
1760 4141 1866 4200 essent
1888 4135 2089 4220 extruendae.
2122 4136 2161 4199 In
2182 4135 2266 4200 hunc

441 4257 577 4302 errorem
603 4239 784 4304 inciderunt
803 4238 946 4323 Ephorus
968 4237 1053 4324 apud
1074 4237 1278 4302 Plutarchum
1299 4240 1333 4302 in
1353 4236 1474 4302 Pericle
1490 4237 1553 4319 27,
1580 4236 1735 4302 Diodorus
1750 4235 1813 4301 Sic.
1829 4227 1974 4319 XH.'28.,
1996 4237 2099 4304 Schol.
2123 4241 2156 4304 in
2170 4238 2266 4302 Arist.

439 4338 576 4405 Acharn.
593 4339 663 4406 815.
687 4387 691 4392 -
711 4341 808 4406 Recte
829 4341 925 4424 igitur
946 4346 1056 4406 contra
1076 4340 1235 4425 Ephorum
1263 4339 1371 4406 docuit
1392 4339 1574 4405 Heraclides
1600 4340 1765 4421 Ponticos,
1792 4346 1920 4426 propter
1942 4341 2092 4426 temporis
2114 4342 2266 4406 rationem
2345 4367 2348 4376 ·

395 4440 398 4455 '
439 4443 648 4507 Anacreontis
664 4443 855 4509 Artemonen
870 4443 1007 4508 eundern
1022 4450 1116 4527 atque
1131 4441 1350 4507 mechanicum
1364 4441 1455 4506 illum
1470 4462 1539 4506 esse
1554 4463 1617 4507 non
1631 4462 1741 4527 pesse,
1757 4441 1851 4524 (Plut.
1867 4441 1887 4508 l.
1900 4441 1933 4523 1.)
1950 4449 1982 4506 et
1992 4442 2197 4523 Plutarchus,
2212 4444 2265 4526 qui

439 4563 479 4608 ne
494 4545 564 4629 ipse
581 4543 707 4627 quidem
725 4545 763 4609 de
777 4544 960 4610 mechanico
978 4544 1144 4628 cogitabat,
1159 4543 1410 4610 Chamaeleontis
1425 4543 1588 4629 amplexus
1603 4551 1652 4609 est
1667 4546 1867 4626 sententiam,
1889 4563 1969 4628 qnae
1993 4567 2065 4610 cum
2080 4544 2266 4610 Heraclides

439 4648 554 4711 mirum
576 4647 610 4710 in
631 4645 758 4712 modom
781 4650 938 4714 consentit
958 4647 1019 4729 ita,
1040 4653 1077 4712 nt
1097 4647 1155 4712 Th.
1170 4646 1322 4730 Bergkius
1344 4668 1374 4732 p.
1390 4646 1441 4710 44.
1463 4652 1591 4730 propter
1611 4646 1783 4729 Diogenem
1803 4644 1965 4711 laertium
1986 4668 2082 4732 supra
2103 4647 2265 4712 laudatum

439 4754 525 4812 reete
548 4749 728 4831 suspicatus
750 4770 818 4814 esse
840 4751 903 4815 sibi
924 4749 1081 4830 videatur,
1104 4747 1314 4830 Heraclidem,
1336 4769 1417 4833 quae
1439 4747 1648 4814 Chamaeleon
1674 4749 1862 4830 invenisset,
1884 4751 2121 4834 transcripsisse
2143 4751 2177 4813 in
2199 4769 2263 4814 sua.

438 4850 618 4934 Utrumque
639 4851 842 4916 Artemonem
869 4851 1014 4917 distinxit
1034 4851 1211 4935 Hesychius
1239 4871 1363 4935 quoqne
1390 4871 1420 4915 ν.
1442 4850 1632 4940 περιπόνηρος
1654 4848 1815 4940 Ἀρτέμων·
1844 4852 1925 4940 παρὰ
1952 4851 2007 4923 τόν
2031 4853 2190 4940 παροιμίαν
2212 4851 2264 4922 τόν

304 4968 306 4978 “
440 4953 635 5041 περιφόρητος
656 4949 818 5042 Ἀρτέμων·
840 4956 895 5018 εἰσὶ
917 4941 950 5017 δὲ
972 4951 1152 5044 Ἀρτέμωνος
1175 4941 1237 5016 δίο.
1271 4954 1310 5018 ci.
1333 4953 1429 5018 etiam
1449 4953 1591 5018 Paroem.
1614 4952 1732 5018 Bodlei.
1754 4954 1835 5038 App.
1856 4953 1910 5019 III.
1927 4953 1978 5018 32.
2000 4975 2069 5039 pag.
2085 4953 2158 5016 411.
2182 4953 2262 5018 Gott.

440 5057 525 5120 Atei
546 5074 622 5121 vera
642 5061 764 5138 essent,
785 5075 864 5138 quae
880 5055 1086 5120 Chamaeleon
1103 5055 1266 5137 docuerat,
1288 5055 1484 5144 περιφόρητον
1502 5057 1705 5120 Artemonem
1728 5076 1813 5138 esse,
1836 5057 1908 5139 quia
1930 5077 2024 5122 curru
2047 5054 2118 5119 vehi
2139 5054 2264 5137 soleret,

440 5160 564 5242 politica
590 5159 622 5224 vi
641 5157 850 5224 Anacreontis
877 5160 974 5224 oratio
1003 5179 1129 5244 prorsus
1157 5162 1291 5236 careret3
1319 5157 1403 5242 quod
1424 5158 1474 5224 vel
1501 5159 1651 5224 maiorem
1678 5161 1711 5224 in
1738 5157 1865 5223 modum
1888 5159 2061 5240 accideret,
2090 5159 2118 5222 si
2138 5157 2263 5240 Berglrii
