4866 6178
995 378 1205 442 ..19-

182 569 389 636 Chamaeleon
412 574 445 631 et
466 566 543 631 adeo
566 565 703 631 breviter
725 565 810 630 dicta
830 573 866 630 nt
888 565 996 632 eodem
1017 565 1201 651 compendio
1219 586 1258 630 aa
1278 587 1297 629 a
1317 565 1527 650 Peripatetico
1549 568 1664 632 exiisse
1687 569 1740 630 vix
1761 567 1940 652 putandum
1962 569 2019 646 sit;

183 694 257 737 nam
280 671 318 736 de
341 668 490 752 singulis,
518 687 597 752 quos
623 669 766 736 nominat
792 672 901 754 poetas
923 666 1107 751 singillatim
1128 673 1161 732 et
1182 688 1330 754 expresse
1358 689 1431 732 eum
1452 669 1498 732 ita
1519 669 1621 751 egisse
1644 669 1794 750 arbitror,
1821 675 1857 734 nt
1878 691 1898 734 a
1919 668 2020 734 Stesi-

184 775 272 840 chori
300 773 405 838 nescio
435 791 495 855 qno
522 771 667 834 instituto
696 771 824 835 initium
853 772 997 856 capiens,
1026 789 1120 854 quem
1141 772 1176 834 in
1198 790 1234 834 eo
1256 771 1353 834 tuisse
1376 770 1496 836 diceret
1516 789 1652 852 morem,
1675 790 1747 834 eum
1769 773 1866 835 etiam
1888 771 1928 836 ab
1947 771 2020 836 aliis

183 877 286 963 poetis
307 876 509 942 observatum
531 891 601 936 esse
622 877 822 938 monstraret.
868 872 950 950 Quid
969 892 1044 937 vero
1067 871 1265 936 Stesichorus
1287 874 1461 936 instituerit
1481 875 1659 937 accuratius
1683 875 1907 956 quaerentibus
1929 874 2020 939 nohis

183 982 217 1044 in
239 991 378 1044 mentem
399 974 527 1057 incidit,
549 972 766 1038 Stesichorum
786 974 926 1057 Longino
950 994 1021 1038 esse
1043 974 1094 1057 (de
1110 974 1196 1040 Subl.
1216 975 1266 1056 13,
1281 973 1313 1058 3)
1336 973 1578 1062 ὁμηρικώτατον,
1602 995 1706 1058 neque
1724 975 1758 1040 id
1773 974 1892 1058 solum,
1914 978 2019 1061 suspi-

186 1103 253 1164 cor,
279 1085 408 1166 propter
432 1077 715 1158 existimationem,
741 1096 804 1159 qna
824 1075 907 1162 apnd
934 1083 1056 1140 veteres
1078 1077 1296 1141 frueretur-
1319 1097 1392 1140 nam
1420 1075 1595 1140 secundum
1623 1082 1695 1161 post
1716 1078 1889 1143 Homerum
1916 1077 2020 1144 locum

184 1186 214 1250 ei
235 1181 440 1265 assignabant
454 1215 496 1226 —-
511 1177 568 1242 sed
591 1178 686 1242 etiam
707 1183 835 1264 propter
856 1181 978 1264 epicum
1001 1199 1101 1262 genus
1124 1181 1299 1244 carminum
1322 1181 1405 1260 eius,
1427 1177 1510 1261 qnod
1532 1177 1582 1241 vel
1606 1199 1646 1242 ex
1666 1181 1888 1248 minutissimis
1911 1199 2020 1244 eorum

183 1286 325 1370 reliquiis
354 1289 388 1348 et
415 1302 455 1347 ex
483 1280 639 1363 dactylico
670 1286 771 1346 metro
800 1281 893 1346 iacile
920 1283 1066 1364 cognosci
1093 1287 1207 1365 potest.
1251 1282 1349 1364 Atqui
1371 1301 1411 1344 ex
1433 1278 1548 1346 Suidae
1571 1279 1655 1363 loco,
1686 1280 1872 1346 Bernhardii
1894 1284 2019 1366 ingenio

184 1387 350 1453 emendato
373 1384 459 1470 (Litt
480 1383 562 1448 llist.
585 1381 625 1446 ll.
648 1404 678 1468 p.
700 1383 773 1448 477.
797 1382 884 1449 Suid.
906 1403 937 1448 ν.
952 1381 1054 1462 aree.)
1078 1385 1212 1464 scimus,
1234 1382 1449 1448 Stesichorum
1472 1381 1602 1448 chorum
1624 1383 1786 1465 docuisse,
1807 1386 1861 1468 qui
1881 1387 2021 1450 cannina

182 1511 242 1556 ena
262 1488 304 1554 ad
325 1487 480 1554 citharam
502 1490 630 1550 caneret
651 1481 847 1574 (Στησίχορος
868 1473 1048 1573 κιθαρῳδίας
1068 1485 1156 1573 χορὸν
1179 1485 1316 1568 ἔστ-ιαμ
1343 1506 1381 1549 ex
1409 1485 1466 1550 hoc
1489 1487 1585 1569 igitur
1606 1485 1779 1552 Stesichori
1806 1488 1934 1552 invento
1956 1487 2018 1552 ini·

182 1595 264 1658 tium
285 1609 415 1656 sumens
438 1586 646 1654 Chamaeleon
668 1584 707 1650 de
730 1589 825 1652 variis
846 1591 1010 1673 pc'e'tarum
1031 1586 1133 1652 modis
1155 1587 1284 1652 uberius
1305 1607 1397 1670 agere
1420 1607 1518 1672 eaque
1542 1587 1654 1652 docere
1677 1590 1795 1674 potuit,
1818 1607 1897 1672 quae
1918 1589 2019 1656 Athe-

183 1713 284 1760 naeus
309 1695 344 1756 in
370 1690 534 1756 summarii
560 1691 722 1772 angustias
746 1691 936 1774 compulisse
963 1689 1096 1756 videtur.
1140 1689 1179 1754 Et
1201 1688 1363 1754 insolitum
1384 1690 1524 1775 prolecto
1547 1690 1607 1755 luit
1629 1689 1801 1756 Stesichori
1821 1690 2019 1772 institutum

182 1815 259 1862 nam
280 1815 344 1860 non
366 1792 468 1858 solnm
490 1793 606 1871 forma,
634 1809 729 1874 qnam
751 1791 943 1856 carminibus
966 1793 1032 1856 suis
1055 1791 1185 1858 dederat
1205 1795 1313 1877 polita,
1341 1791 1398 1856 sed
1421 1794 1516 1856 etiam
1538 1794 1634 1873 ratio,
1660 1813 1722 1877 qua
1749 1800 1935 1876 argumenta
1961 1815 2020 1860 sua

182 1900 387 1977 tractaverat,
414 1895 505 1980 epica
525 1895 625 1976 magis
647 1899 716 1959 erat
738 1913 832 1978 quarn
854 1893 961 1976 lyrica.
1005 1893 1132 1977 Itaque,
1161 1914 1258 1978 quum
1285 1895 1426 1958 carmina
1447 1914 1504 1958 sna
1532 1893 1658 1980 publice
1681 1903 1788 1978 ageret
1809 1893 2020 1981 Stesichorus,

183 1999 336 2064 musicam
357 1996 585 2082 rhapsodorum
606 1997 762 2062 actionem
784 1995 940 2060 adhibere
959 1996 1110 2076 debebat,
1133 1998 1202 2078 qui,
1225 1995 1324 2080 (sicut
1351 1994 1495 2061 hodierni
1516 1996 1588 2060 ltali
1614 1996 1718 2062 solent
1743 1999 1778 2061 in
1805 1997 1929 2063 melicis
1956 1997 2019 2063 illis

184 2099 396 2180 sermonibus,
419 2119 497 2182 quos
519 2100 699 2164 recitativos
720 2105 836 2164 vocant
857 2099 985 2180 cantus)
1013 2101 1047 2162 in
1075 2098 1247 2163 recitandis
1275 2099 1373 2182 epicis
1399 2097 1592 2164 carminibus
1613 2120 1676 2164 nno
1699 2099 1902 2165 concordium
1922 2099 2019 2185 phor-

182 2204 297 2285 mingis
312 2221 460 2266 sonorum
475 2207 632 2266 concentu
650 2200 690 2266 ab
712 2200 810 2268 altero
825 2201 962 2266 traducti
977 2220 1070 2265 versu
1090 2200 1133 2265 ad
1145 2200 1295 2280 alterum,
1315 2207 1408 2284 prout
1427 2200 1583 2266 fluctuans
1604 2203 1702 2266 animi
1722 2203 1888 2268 commotio
1908 2208 2018 2288 postu·

183 2302 284 2385 labat,
305 2302 398 2368 modo
412 2303 613 2388 profundiore
635 2303 727 2369 modo
742 2301 850 2367 altiore
866 2304 1035 2369 utebantur
1056 2305 1090 2366 in
1105 2303 1265 2368 recitando
1281 2323 1365 2368 voce.
1400 2302 1464 2369 Sed
1478 2303 1627 2389 rhapsodi
1642 2302 1722 2369 nihil
1737 2305 1777 2368 ad
1792 2303 2016 2370 Stesichorum.

183 2405 243 2482 Qui
265 2425 362 2489 quom
377 2406 570 2471 carminibus
586 2409 667 2488 suis,
690 2406 833 2490 quamvis
849 2405 889 2470 ad
904 2407 1029 2490 epicum
1043 2425 1142 2488 genos
1157 2425 1195 2470 ea
1208 2405 1337 2490 propius
1352 2405 1553 2485 accederent,
1572 2426 1666 2489 quam
1680 2405 1721 2470 ad
1735 2405 1885 2490 lyricum,
1907 2406 2018 2473 modos

184 2507 319 2589 iaceret,
340 2507 448 2590 quales
464 2507 572 2591 lyricis
587 2508 781 2573 carminibus
798 2529 868 2572 esse
888 2508 1040 2590 solerent,
1060 2508 1248 2591 chorumque
1265 2507 1400 2588 doceret,
1419 2508 1499 2572 nihil
1517 2508 1603 2574 aliud
1623 2509 1689 2574 iere
1708 2509 1800 2591 lecit,
1818 2510 1881 2574 nisi
1901 2509 2020 2592 quoda

183 2609 368 2695 Terpandro
385 2611 536 2692 originem
552 2613 673 2695 cepisse
690 2609 820 2692 dicitnr,
836 2615 892 2693 qui
906 2612 1034 2676 musicis
1051 2609 1275 2674 certaminibus
1290 2609 1322 2674 id
1338 2612 1412 2674 novi
1426 2612 1598 2693 invenerit,
1612 2617 1648 2675 ut
1661 2611 1789 2676 Homeri
1804 2611 1943 2676 carmina
1956 2631 2020 2676 non

182 2710 251 2776 dico
269 2711 399 2776 chorum
416 2731 529 2776 canere
552 2719 607 2776 ant
628 2712 768 2796 singulos
790 2716 922 2777 recitare
939 2711 1081 2794 doceret,
1104 2711 1162 2776 sed
1176 2711 1314 2795 singulos
1330 2733 1442 2776 canere
1457 2713 1580 2778 iuberet
1602 2712 1642 2779 ad
1657 2712 1742 2796 lyrae
1757 2713 1884 2795 modos,
1906 2713 2019 2796 quibus

182 2834 220 2878 ea
241 2819 425 2899 persecutus
448 2821 533 2878 esset
555 2814 611 2898 (cl.
634 2813 715 2880 Plnt.
739 2813 778 2878 de
800 2835 880 2880 mus.
902 2815 931 2880 3.
960 2814 1074 2879 Athen.
1095 2813 1175 2879 XIV.
1199 2814 1271 2878 638.
1294 2813 1345 2896 a).
1386 2814 1504 2879 Eadem
1526 2821 1648 2896 autem,
1671 2835 1751 2899 qnae
1772 2815 1865 2880 nobis
1888 2813 1927 2878 de
1950 2835 2019 2879 me·

180 2915 243 2980 lica
272 2917 510 2981 Homericcrum
540 2918 714 2982 carminum
743 2919 929 2982 tractatione
962 2916 1089 2983 aliunde
1118 2923 1193 2982 nota
1226 2923 1315 2998 sunt,
1350 2916 1559 2982 Chamaeleon
1589 2918 1725 2982 Hesiodo
1759 2923 1790 2984 et
1818 2915 2019 2999 Archilocho,
2096 2933 2099 2942 ·

182 3021 272 3083 cuius
301 3019 414 3098 iambi,
443 3019 587 3102 quamvis
609 3018 712 3083 modis
734 3019 900 3099 adhibitis,
927 3020 1142 3085 recitabantur
1167 3027 1291 3103 tamen,
1323 3019 1441 3084 iactum
1469 3041 1538 3084 esse
1566 3019 1655 3084 dixit.
1700 3019 1818 3098 Quodsi
1844 3019 1912 3084 loco
1933 3019 1954 3083 l.
1978 3018 2019 3083 ad

180 3120 362 3186 Mimnermi
384 3139 507 3204 quoque
530 3127 561 3183 et
582 3119 764 3205 Phocylidis
792 3123 932 3186 carmina
957 3121 1066 3186 modos
1094 3141 1163 3186 esse
1190 3121 1290 3186 laotos
1313 3121 1520 3186 Chamaeleon
1547 3121 1704 3204 narravit,
1736 3122 1800 3188 iam
1822 3127 1895 3186 ante
1918 3120 2018 3186 Stesi-

181 3223 311 3288 chorum
334 3225 490 3304 carmina,
513 3242 592 3306 quae
607 3221 834 3308 rhapsodorum
848 3225 1005 3289 actionem
1020 3224 1249 3307 efflagitabant,
1271 3224 1381 3289 melico
1398 3224 1530 3308 quodam
1552 3223 1644 3289 modo
1667 3245 1736 3289 esse
1758 3231 1884 3289 cantata
1903 3223 2019 3303 docuit,

182 3327 265 3410 qnod
280 3325 408 3410 quidem
430 3328 463 3390 in
479 3324 626 3408 elegiacis
650 3325 842 3390 carminibus
857 3326 1046 3392 insolentius
1069 3335 1153 3407 erat,
1176 3347 1272 3410 quum
1295 3325 1389 3408 tibia,
1415 3346 1494 3409 quae
1517 3347 1615 3409 usque
1638 3331 1706 3390 tnm
1728 3329 1762 3390 in
1785 3326 1884 3409 elegia
1906 3325 2018 3390 huma·
2044 3347 2049 3358 ’

181 3448 242 3490 nae
264 3427 334 3494 voci
355 3426 440 3492 haud
462 3427 555 3492 aliter
577 3430 666 3511 qnasi
688 3430 846 3512 praeierat
872 3434 966 3512 atque
995 3430 1030 3492 in
1056 3427 1179 3493 heroico
1202 3431 1340 3494 carmine
1362 3427 1530 3514 phorminx
1551 3427 1687 3510 solebat,
1711 3449 1783 3493 cum
1798 3429 1918 3492 cithare
1934 3432 2019 3492 esset

182 3529 343 3594 mutanda.
388 3529 597 3595 Chamaeleon
619 3532 714 3614 igitur
734 3532 770 3594 in
792 3530 872 3595 libro
895 3530 934 3595 de
956 3529 1135 3596 Stesichoro
1157 3532 1250 3595 testis
1273 3535 1354 3613 erat,
1381 3530 1484 3596 modis
1506 3532 1567 3595 iam
1598 3537 1671 3594 ante
1694 3549 1766 3594 eum
1788 3530 1823 3594 in
1845 3550 1881 3594 eo
1904 3549 2017 3612 genere

185 3633 375 3712 carminum,
388 3630 485 3716 ‘quod
508 3633 548 3698 ab
570 3631 661 3697 initio
683 3632 795 3697 melico
819 3634 926 3698 cantui
948 3653 1012 3698 non
1034 3639 1102 3697 erat
1127 3633 1336 3715 destinatum,
1358 3631 1526 3714 adhibitis,
1548 3633 1658 3716 pciisiu
1680 3651 1824 3715 graecam
1846 3631 2017 3697 inclinasse

184 3730 347 3815 paullatim
369 3739 401 3798 et
422 3734 599 3820 prolapsam
622 3753 691 3800 esse
713 3735 815 3818 magis
836 3736 1001 3819 magisque
1023 3733 1063 3800 ad
1086 3733 1250 3801 mollitiem
1272 3733 1533 3819 dulcedinemque
1555 3734 1646 3817 lyrici
1669 3739 1792 3799 cantus.

898 3973 949 4038 IV.
983 3973 1037 4038 De
1070 3973 1297 4058 Sapphone.

336 4139 450 4206 Athen.
472 4141 555 4209 Xlll.
579 4165 610 4229 p.
626 4143 697 4208 599.
722 4166 749 4208 c.
794 4140 832 4207 'O
855 4135 1056 4234 Ἑρμησιάναξ
1078 4147 1246 4234 σφάλλεται
1268 4153 1438 4232 συγχρονεῖν
1460 4143 1594 4232 οἰόμενος
1608 4141 1726 4230 Σαπφὼ
1749 4144 1801 4206 καὶ
1814 4140 2016 4228 Ἀνακρέοντα,
2068 4143 2117 4210 10.

107 4241 112 4252 “
183 4241 238 4305 τὸν
260 4240 313 4331 μὲν
335 4243 416 4307 κατὰ
438 4241 537 4332 Κῦρον
558 4247 610 4310 καὶ
625 4243 827 4334 Πολυκράτην
850 4247 1026 4335 γενόμενον,
1048 4246 1103 4316 τὴν
1126 4234 1160 4308 δὲ
1182 4242 1249 4310 κατ’
1267 4243 1431 4316 Ἀλυάττην
1451 4245 1506 4309 τὸν
1520 4243 1649 4333 Κροίσου
1671 4243 1797 4333 πατέρα.
1833 4242 2016 4334 Χαμαιλέων

90 4377 95 4388 ·
185 4333 210 4408 d'
226 4345 257 4408 ἐν
277 4355 323 4428 τῷ
345 4347 411 4433 περὶ
433 4343 576 4434 Σαπφοῦς
598 4349 649 4410 καὶ
670 4347 768 4436 λέγειν
790 4346 871 4422 τινάς
893 4371 980 4437 φησιν
1002 4354 1043 4422 εἰς
1064 4347 1159 4418 αὐτὴν
1180 4344 1360 4418 πεποιῆσθαι
1382 4347 1438 4411 ὑπὸ
1460 4346 1666 4436 Ἀνακρέοντος
1686 4335 1771 4410 τάδε·

836 4448 953 4538 Σραίρῃ
977 4439 1068 4521 βηῦτέ
1091 4471 1129 4538 με
1150 4448 1300 4538 πορφυρέῃ

836 4551 958 4636 βάλλων
979 4554 1166 4641 χρυσοκόμης
1190 4549 1287 4640 Ἔρως

836 4655 899 4727 νήνι
919 4652 1188 4743 ποικιλοσαμβάλῳ

836 4747 1011 4845 συμπαίζειν
1032 4760 1236 4845 προκαλεῖται

836 4855 873 4924 Ἠ
898 4847 934 4939 δ’,
958 4859 1038 4922 ἐστὶν
1060 4859 1117 4948 γάρ
1141 4855 1186 4922 ἐπ’
1208 4858 1348 4922 εὐκτίτου

837 4959 970 5044 Λέσβου,
991 4961 1048 5030 τήν
1071 4960 1125 5050 μὲν
1147 4961 1221 5048 cpio
1242 4959 1349 5049 κόμην,

836 5064 930 5134 λουκή
951 5061 1024 5153 γάρ,
1048 5062 1295 5152 καταμέμφεται,

837 5165 908 5253 πρὸς
930 5154 955 5230 δ’
977 5164 1071 5228 ἄλλον
1091 5164 1160 5228 τινά
1181 5162 1293 5254 χάσκει
