4866 6178
1238 363 1450 430 -ος-

426 563 494 628 ταῖς
521 542 572 618 διὰ
598 551 636 616 τὸ
663 561 769 643 γηρας·
797 549 921 642 λίγιται
948 540 975 615 δ’
997 547 1071 616 εἶναι
1098 552 1135 615 uo*
1162 549 1248 642 γένος
1269 539 1383 627 Ῥόδιος
1408 553 1444 616 ἐκ
1464 547 1634 640 Καμείρου·
1662 541 1810 640 θαυμάζω
1838 542 1890 614 οὖν
1910 557 1974 625 πῶς
2000 551 2017 612 1
2039 546 2155 638 Τηρεὺς
2181 569 2264 638 περι·

428 651 528 728 εσώθη
550 655 592 744 μὴ
613 653 714 743 τυχὼν
735 654 817 729 νίκης
838 655 890 718 καί
912 652 994 718 ἄλλα
1016 642 1157 742 δράματα
1177 663 1241 717 τῶν
1262 655 1375 744 ὁμοίων
1395 663 1451 718 τοῦ
1472 656 1576 718 αὑτοῦ.

580 754 822 823 Anuandridee
850 758 903 842 qui
929 758 1013 820 inter
1039 759 1146 842 politas
1172 755 1296 820 mediae
1325 755 1504 822 comoediae
1530 761 1715 821 numeratur
1740 757 1823 820 iuste
1851 755 2036 820 aestimatur
2058 753 2098 819 ab
2120 753 2263 836 Angusto

426 859 599 941 hieineirio‚
619 859 687 923 viro
710 857 902 941 clarissimo,
923 860 957 924 in
979 857 1061 922 Hist.
1084 859 1152 924 crit.
1169 857 1194 938 Ι,
1216 879 1286 945 pag.
1302 859 1364 924 361
1387 879 1456 944 sqq.
1478 859 1541 923 313
1564 875 1633 943 sqq.
1676 858 1809 924 Plurimi
1833 857 2007 922 habebatur
2028 857 2070 922 ab
2091 855 2262 921 Aristotele

426 965 461 1028 in
481 962 574 1028 Rhet.
596 961 652 1028 111.
677 960 836 1043 10-··11.,
857 963 892 1025 10
913 959 985 1026 Eth.
1007 959 1048 1025 ad
1068 959 1149 1024 Eud.
1170 961 1229 1042 IV,
1253 961 1303 1026 10.
1328 962 1368 1027 ad
1389 962 1511 1028 Nicom.
1534 960 1608 1042 VII,
1632 960 1680 1027 10.
1704 967 1737 1026 et
1758 966 1939 1046 propterea,
1962 961 2087 1044 opinor,
2109 958 2262 1024 Chamae-

426 1065 524 1130 leonti
544 1062 637 1128 valde
660 1069 727 1128 erat
750 1062 998 1128 commendatus.
1041 1061 1194 1148 Aequalis
1215 1063 1354 1150 Philippi
1376 1063 1556 1129 Macedonis
1583 1062 1691 1128 docuit
1713 1062 1799 1128 inter
1820 1060 1869 1127 01.
1893 1061 1952 1126 101
1977 1067 2010 1125 01
2033 1060 2094 1126 108
2115 1059 2168 1126 001
2191 1061 2261 1126 109.

427 1173 459 1232 et
480 1166 586 1232 decies
608 1167 728 1251 primas
750 1165 865 1230 detulit
884 1163 1079 1231 Philemonis
1102 1183 1178 1250 ope,
1200 1165 1398 1232 celeberrimi
1418 1165 1591 1231 histrionis.
1636 1164 1807 1248 Sexaginta
1833 1167 1972 1249 quinque
2000 1163 2179 1228 comoedias
2206 1166 2263 1232 do·

427 1271 531 1334 cuisse
559 1266 690 1349 dicitur,
727 1287 861 1352 quarum
888 1269 1017 1351 triginta
1044 1287 1100 1332 aex
1126 1268 1210 1333 tituli
1242 1275 1419 1354 supersunt.
1470 1269 1549 1333 0100
1577 1287 1650 1333 vero
1679 1267 1784 1332 decies
1810 1267 1937 1349 vicerit,
1970 1265 2141 1330 nonnullas
2167 1268 2263 1331 etiam

426 1377 551 1458 praeter
572 1370 707 1435 Tereum
730 1373 904 1456 perniciem
924 1368 1013 1434 illam
1035 1371 1182 1453 00001000
1204 1389 1335 1436 neeesse
1358 1378 1422 1454 eat,
1444 1389 1539 1455 quam
1554 1371 1653 1436 Tereo
1676 1389 1805 1455 parasse
1827 1369 1950 1434 dicitur.
1967 1401 2009 1414 —-
2030 1367 2163 1454 Propter
2183 1367 2263 1432 iilud

427 1471 679 1538 Chamaeleontis
706 1471 830 1562 λέγεται
857 1468 931 1536 εἶναι
960 1479 1083 1538 veteres
1111 1472 1150 1538 de
1177 1475 1281 1558 patria
1304 1472 1541 1539 Anaxandridia
1564 1471 1726 1538 dubitasse
1748 1472 1896 1548 arbitron
1927 1469 2163 1537 chamaeleonti
2185 1491 2262 1536 oon·

426 1577 601 1642 sentientes
623 1573 738 1640 8011100
761 1580 793 1640 01
813 1573 953 1640 Eudocis
973 1577 1007 1639 iu
1030 1574 1152 1640 Vioieto
1174 1595 1249 1639 eum
1270 1575 1392 1640 iaciunt
1412 1574 1571 1641 Rhodium
1593 1595 1634 1639 ex
1655 1575 1794 1656 Camino,
1815 1573 1870 1638 alii
1889 1573 2125 1660 Colophonium.
2169 1573 2261 1638 Cete-

425 1697 497 1744 rum
519 1676 771 1743 Chamaeleontis
792 1676 1030 1742 narratiuncula
1050 1679 1147 1742 tacito
1169 1679 1305 1742 auctoris
1327 1679 1454 1742 nomine
1476 1677 1561 1764 apud
1580 1675 1725 1742 Euststh.
1747 1676 1788 1740 ad
1810 1676 1901 1742 Hom.
1925 1675 2037 1760 Odyse.
2060 1675 2090 1740 6.
2113 1697 2144 1760 p.
2168 1674 2259 1739 1834.

428 1779 629 1863 lingitur:
656 1776 780 1868 λέγεται
807 1767 842 1842 δὲ
863 1777 986 1868 ὕστερον
1007 1779 1059 1842 καὶ
1081 1767 1309 1868 Ἀναξανδρίδης
1336 1779 1429 1854 καλὰς
1450 1776 1493 1842 ὢν
1513 1781 1570 1851 τὴν
1592 1776 1658 1866 ὄψιν
1681 1780 1732 1842 καὶ
1754 1777 1851 1867 κόμην
1872 1776 2004 1868 τρέρων,
2034 1777 2115 1866 ὅμως
2135 1777 2193 1842 ὑπὸ
2213 1799 2262 1842 πι-

427 1883 507 1972 κρίας
535 1880 706 1972 παράβολος
733 1877 807 1944 εἶναι
833 1881 885 1944 καὶ
915 1870 969 1944 διά
993 1889 1086 1945 τοῦτο
1113 1875 1251 1968 ψεκτέος·
1278 1883 1451 1970 ἡττώμενυς
1478 1875 1530 1946 0ον
1555 1903 1631 1946 ποτε
1653 1882 1705 1946 καί
1727 1870 1930 1944 δυσκολαίνων
1951 1887 2007 1956 τὰς
2028 1869 2191 1970 κωμῳδίας
2210 1879 2263 1942 καί

425 1983 539 2059 ταύτας
560 1977 685 2073 κομψῶς
706 1981 832 2070 ἐχούσας
853 1981 1051 2072 κατατέμνειν
1073 1988 1114 2057 εἰς
1134 1983 1187 2046 τὸν
1209 1983 1384 2066 λιβανωτόν.
1427 1983 1518 2050 11000
1540 1989 1590 2049 eat
1609 1986 1696 2050 inter
1716 1983 1854 2049 comicos
1875 1987 1984 2069 poitaa
2005 1982 2260 2064 Anaxandridea,

427 2089 482 2172 qui
504 2084 712 2169 dithyrambis
734 2087 828 2150 etiam
852 2086 1002 2150 certebat
1045 2085 1126 2150 Eum
1146 2103 1221 2151 vero
1248 2085 1289 2151 ad
1317 2086 1495 2152 docendum
1522 2085 1758 2170 dithyrambum
1779 2103 1859 2170 equo
1879 2092 2007 2150 vectum
2027 2105 2099 2150 ease
2120 2083 2263 2150 Athenas

426 2209 490 2254 non
511 2195 577 2254 tam
600 2186 852 2253 Chamaeleontis
875 2207 972 2272 qnam
992 2187 1085 2253 Bodii
1107 2193 1157 2252 est
1177 2187 1343 2253 inventum
1364 2191 1397 2254 in
1419 2189 1494 2254 hiat.
1516 2189 1574 2274 lyr.
1597 2193 1683 2274 pota
1705 2189 1745 2253 IL
1767 2209 1798 2274 p.
1821 2187 1894 2252 332.

370 2341 376 2356 .
578 2289 695 2355 Athen.
716 2289 768 2356 IX
791 2309 861 2374 pag.
884 2289 947 2354 406
970 2311 997 2356 e.
1027 2287 1214 2379 Χαμαιλέων
1236 2293 1253 2354 d
1274 2287 1424 2366 Ποντικὸς
1444 2295 1476 2356 έν
1497 2289 1577 2374 ἕκτῳ
1599 2291 1666 2380 περί
1686 2297 1741 2365 τῆς
1763 2291 1887 2379 ἀρχαίας
1908 2278 2083 2379 κωμῳδίας·
2105 2285 2260 2380 Ἡγνίμων,

427 2393 531 2482 ρησίν,
553 2395 570 2456 d
592 2387 722 2474 Θάσιος,
744 2395 761 2455 1
782 2390 838 2467 τὰς
859 2380 1013 2481 παρῳδίας
1034 2386 1167 2482 γράψας,
1188 2389 1285 2464 Φακῆ
1306 2393 1483 2458 ἐπεκαλεῖτο
1490 2380 1503 2476 ,’
1515 2389 1573 2457 ’καὶ
1594 2392 1731 2464 1ποίησεν
1753 2397 1784 2458 ίν
1804 2413 1862 2456 τινι
1883 2401 1947 2456 τῶν
1967 2380 2128 2480 παρῳδιῶν

855 2491 964 2557 Ταῶτά
985 2515 1037 2583 μοι
1058 2494 1228 2584 ὁρμαίνοντι
1248 2495 1416 2586 παρίστατο
1438 2493 1566 2572 Παλλαὶς
1586 2492 1689 2567 Ἀθήνη

854 2592 978 2685 Χρυσῆν
999 2585 1110 2680 ρ’άβδον
1133 2601 1259 2685 ἔχουσα,
1282 2599 1333 2662 καί
1354 2597 1467 2669 ἤλασεν
1489 2593 1553 2662 εἶσί
1574 2617 1609 2661 τε
1631 2593 1726 2686 μῦθον

856 2696 975 2780 ,Δεῖνα
994 2694 1150 2780 παθοῦσα,
1171 2696 1268 2771 Φακῆ
1288 2688 1433 2789 βδελυρή,
1455 2697 1524 2789 χείρ’
1547 2704 1588 2774 είς
1607 2699 1661 2764 τὸν
1683 2700 1820 2789 ίιγῶναίί

854 2795 917 2863 Καί
937 2798 1005 2864 τότ’
1028 2800 1089 2890 1γο
1112 2797 1254 2889 θάρσησα.
1372 2851 1375 2860 .
1816 2835 1820 2842 ·
2060 2857 2062 2864 .

427 2901 546 2976 εἰσῆλθε
573 2892 608 2966 δέ
629 2923 705 2966 ποτε
732 2902 783 2965 καὶ
810 2905 851 2977 εἰς
870 2901 908 2965 τὸ
931 2899 1056 2992 θέατρσν
1079 2891 1232 2967 διδάσκων
1252 2893 1417 2994 κωμῳδίαν
1442 2901 1535 2969 λίθων
1561 2909 1639 2993 ίχων
1659 2906 1771 2992 πλῆρες
1790 2902 1827 2967 cd
1849 2900 1982 2993 ίμάειον·
2008 2903 2058 2978 οὓς
2078 2900 2201 2986 βάλλων
2222 2906 2263 2975 τίς

425 3006 482 3078 reia
504 3003 669 3094 ὀρχίστραν
691 2992 844 3092 διαπορεῖν
866 3004 988 3074 ίπυίησε
1007 3004 1078 3080 τοὺς
1100 3001 1224 3080 θεατάς·
1249 3007 1301 3070 καί
1323 3006 1425 3098 ὀλίγον
1448 2995 1594 3070 διαλιπὼν
1616 3001 1694 3070 elus·

934 3103 1027 3170 Λίθον
1049 3105 1104 3195 μὲν
1126 3095 1202 3171 uida·
1230 3106 1371 3191 βαλλέτω
1393 3097 1425 3172 h'
1448 3112 1475 3174 ai
1493 3129 1539 3184 τις
1561 3106 1650 3174 θίλεε

934 3205 1031 3280 Φακῆ
1052 3197 1087 3272 δὲ
1109 3210 1161 3272 καὶ
1183 3211 1214 3272 ὲν
1237 3207 1314 3300 θίρει
1336 3211 1388 3274 καὶ
1409 3211 1440 3275 ἐν
1461 3218 1584 3299 χειμῶνι
1605 3207 1731 3301 ἀγαθόν.

427 3299 578 3400 εὐδοκίμει
601 3297 632 3372 δ’
646 3309 720 3398 &sip
740 3306 874 3398 μάλιστα
896 3310 927 3374 έν
940 3319 1007 3385 ταῖς
1027 3299 1191 3400 παρῳδίαις
1212 3313 1264 3376 καὶ
1284 3311 1460 3402 περιβόητος
1481 3305 1519 3384 ἦν
1540 3311 1701 3402 λέγωντὰ
1722 3317 1780 3386 lara
1793 3311 1968 3402 πανούργως
1989 3311 2041 3375 καὶ
2055 3315 2261 3399 ὑποκριτικῶς,

426 3415 479 3478 καί
500 3401 550 3476 διὰ
571 3421 671 3476 ταῦτα
697 3400 813 3501 σρόδρα
838 3413 921 3500 παρὰ
947 3421 1012 3488 τοῖς
1033 3409 1192 3488 Ἀθηναίοις
1217 3402 1384 3503 εὐδοκίμει·
1412 3415 1444 3478 ίν
1471 3402 1506 3478 hl
1529 3424 1570 3499 τῇ
1591 3412 1820 3505 Γιγαντομαχίᾳ
1845 3414 1926 3478 οὓτω
1954 3402 2069 3503 σράδρα
2089 3412 2160 3488 το1ις
2180 3409 2261 3484 Ἀθη-

426 3516 523 3590 ναίους
550 3515 710 3596 ἐκήλησεν,
741 3518 781 3589 ὡς
809 3513 840 3578 έν
867 3515 965 3598 ἐκείνη
992 3524 1033 3600 τη
1061 3513 1159 3604 ἡμέρα
1185 3518 1316 3580 πλεῖστα
1342 3516 1450 3592 αὐτοὺς
1475 3515 1612 3607 γελάσαι
1654 3514 1766 3580 Καίτοι
1793 3513 2003 3607 ἀγγελθέντων
2030 3518 2133 3590 αὐτοῖς
2158 3515 2190 3578 έν
2215 3523 2260 3597 τῷ

427 3615 543 3706 θεάτρῳ
564 3627 628 3680 τῶν
653 3614 823 3706 γενομένων
848 3617 914 3706 περί
935 3613 1077 3681 Σικελίαν
1103 3616 1307 3707 άτιπχημάτων
1329 3606 1426 3694 οὐδείς
1448 3619 1579 3701 ἀπέαιη,
1608 3619 1709 3682 καίτοι
1731 3607 1837 3708 σχεδὸν
1858 3627 1931 3682 πᾶσι
1952 3626 2014 3681 τῶν
2041 3617 2158 3681 οἰκείων
2185 3620 2261 3680 άπο·

425 3719 583 3784 λωλότων·
605 3722 728 3782 ἔκλαιον
749 3709 802 3782 οὖν
824 3713 1082 3808 ίγκαλυψάμενοι,
1105 3721 1161 3783 οὐκ
1179 3717 1347 3792 ἀνέστησαν
1370 3709 1411 3800 δ’,
1432 3721 1482 3783 ἵνα
1503 3720 1545 3809 μή
1567 3719 1713 3812 γδνωνται
1736 3709 1888 3810 διαρανεῑς
1908 3731 1973 3796 τοῖς
1993 3720 2054 3784 ἀπὸ
2075 3729 2138 3783 τῶν
2159 3716 2261 3782 ἄλλων

425 3821 542 3884 πόλεων
571 3818 730 3910 θεωροῦσιν
751 3817 912 3908 ἀχθόμενοι
932 3829 973 3904 τῇ
995 3831 1146 3910 συμφορᾷ·
1173 3810 1322 3910 διέμειναν
1344 3811 1374 3884 δ’
1396 3821 1597 3912 ἀκροώμενοι,
1621 3823 1721 3888 καίτυι
1743 3825 1794 3888 καὶ
1815 3826 1909 3886 αὐτοῦ
1930 3829 1986 3886 τοῦ
2009 3819 2193 3912 Ἡγήμονος,
2221 3825 2261 3896 ὡς

426 3923 552 4002 ἤκουσε,
581 3931 696 3986 σιωπᾶν
718 3910 929 4010 διεγνωκότος·
952 3919 1019 3986 καθ’
1041 3921 1075 3986 ὃν
1097 3913 1133 3987 δὲ
1153 3923 1257 4013 χρόνον
1279 3921 1595 4009 θαλασσοκρατοῦντες
1616 3923 1765 3996 Ἀθηναῖοι
1786 3925 1898 4016 ἀνῆγον
1919 3930 1961 4000 είς
1982 3923 2058 3988 ἄστυ
2079 3923 2134 4000 τὰς
2155 3947 2261 3996 νησιω-

424 4024 510 4099 τικὰς
533 4012 631 4105 δίκας,
653 4017 844 4114 γραψάμενός
864 4045 910 4098 τις
931 4026 983 4088 καὶ
1004 4024 1059 4089 τὸν
1081 4023 1239 4116 Ἠγ-ίμσνα
1261 4015 1347 4097 δίκην
1372 4026 1487 4117 ἤγαγεν
1509 4031 1550 4103 εἰς
1571 4024 1705 4102 Ἀθάνας·
1733 4031 1749 4091 1
1772 4017 1807 4092 δὲ
1832 4026 2073 4117 παραγενόμενος
2099 4029 2152 4090 καὶ
2173 4049 2262 4090 συνα-

425 4126 530 4217 γαγὼν
555 4127 625 4201 τοὺς
650 4125 717 4213 περὶ
742 4124 796 4188 τὸν
818 4125 961 4190 Διόνυσον
986 4128 1124 4216 τεχνίτας
1149 4124 1300 4216 προσῆλθε
1327 4127 1397 4216 μετ’
1419 4132 1535 4210 αὐτῶν,
1563 4118 1752 4213 Ἀλκιβιάδην
1778 4125 1898 4212 βοηθεῖν
1920 4119 2023 4204 ἀξιῶν·
2049 4131 2066 4192 1
2088 4117 2124 4192 δὲ
2145 4127 2261 4217 θαρρεῖν

424 4226 725 4316 παρακελευσάμενος
751 4227 841 4292 εἰπών
867 4249 903 4292 τε
928 4237 1018 4293 πᾶσιν
1045 4226 1182 4310 ἔπεσθαι,
1209 4224 1281 4302 ἧκεν
1310 4235 1351 4306 εἰς
1376 4231 1412 4292 cd
1434 4227 1600 4320 Μητρῷον,
1631 4231 1707 4295 ὅπου
1727 4239 1791 4294 τῶν
1812 4220 1904 4295 δικῶν
1925 4224 2002 4304 ἦσαν
2024 4235 2055 4294 αί
2076 4232 2189 4321 γραραὶ
2210 4231 2261 4294 καὶ

426 4322 532 4418 βρέξας
550 4330 604 4393 τὸν
624 4318 775 4394 δάκτυλον
797 4330 833 4393 ὲκ
853 4339 909 4394 τυῦ
925 4331 1076 4420 στόματος
1098 4320 1231 4417 διήλειψε
1252 4332 1309 4404 τήν
1331 4321 1416 4404 δίκην
1437 4341 1492 4396 τυῢ
1508 4330 1688 4424 Ἡγήμονος·
1710 4335 1952 4424 ἀγανακτοῦντες
1973 4321 2007 4397 δέ
2029 4333 2046 4396 ὅ
2065 4355 2102 4396 τε
2120 4355 2260 4422 γραμμα-

424 4431 492 4506 τεὺς
506 4432 558 4494 καὶ
573 4435 590 4496 ὁ
605 4429 703 4520 ἄρχων
723 4431 779 4505 τὰς
793 4433 916 4522 ἡσυχίας
937 4433 1056 4524 ἤγαγον
1071 4421 1107 4496 δι’
1121 4423 1321 4517 Ἀλκιβιάδην,
1345 4435 1491 4524 φυγόντος
1513 4424 1549 4498 δι’
1564 4433 1722 4519 εὐλάβειαν
1736 4436 1788 4498 καὶ
1801 4443 1857 4499 τσῦ
1876 4435 1933 4507 τήν
1948 4423 2035 4507 δίκην
2056 4429 2258 4525 γραψαμένου.

576 4533 624 4598 Da
638 4535 837 4618 Hegemone,
860 4555 920 4620 quo
943 4534 1024 4600 solet
1037 4537 1157 4619 ingenii
1171 4539 1328 4618 acumine,
1350 4539 1414 4620 egit
1427 4536 1507 4621 Aug.
1523 4537 1699 4604 Mainokius
1714 4540 1748 4602 in
1763 4537 1845 4604 Hist
1860 4537 1912 4604 1v.
1929 4559 1960 4623 p.
1975 4537 2038 4602 214
2053 4557 2101 4621 sq.
2134 4539 2259 4621 Aequa·

423 4634 487 4701 lem
515 4655 588 4702 eum
610 4636 784 4702 Alcibiadis
806 4637 905 4702 inisse
928 4643 960 4702 at
980 4636 1040 4703 hac
1063 4637 1314 4704 Chamaeleontis
1339 4640 1518 4704 narratione
1547 4646 1580 4704 et
1600 4639 1756 4706 Athenaei
1782 4640 1850 4706 loco
1872 4639 1937 4706 XV.
1960 4659 2030 4725 pag.
2047 4639 2110 4704 698
2133 4661 2160 4704 c.
2183 4641 2259 4704 satis

424 4737 585 4825 probatur.
621 4737 747 4804 Veteris
768 4740 947 4806 comoediae
969 4746 1156 4806 accensetur
1176 4743 1277 4826 potitis
1299 4741 1339 4808 ab
1362 4741 1476 4807 Athen.
1499 4742 1523 4808 I.
1546 4763 1577 4827 p.
1600 4741 1630 4809 5.
1653 4744 1683 4809 6.
1727 4739 1886 4832 (Ἡγήμων
1909 4737 1925 4805 ί
1947 4740 2075 4822 Θάσιος,
2099 4745 2116 4805 d
2138 4743 2260 4812 isuaia-

425 4838 484 4916 θεὶς
505 4839 615 4920 Φακῆ,
639 4838 672 4904 ὃν
693 4850 734 4925 τῇ
756 4843 868 4932 ἀρχαίᾳ
889 4831 1037 4931 κωμῳδίᾳ
1057 4841 1135 4917 τινὲς
1155 4839 1382 4930 1ντάττουσιν.ψ;
1403 4851 1512 4908 utrum
1532 4865 1606 4910 vero
1630 4847 1745 4910 veteris
1767 4844 1870 4926 illius,
1892 4845 2017 4928 qualem
2034 4843 2259 4928 Aristophanes

425 4942 576 5008 docuerat
602 4963 758 5028 quamque
785 4943 908 5009 mediae
936 4950 968 5008 et
995 4965 1095 5010 novae
1122 4946 1260 5011 solemus
1286 4965 1459 5032 opponere,
1485 4967 1526 5010 sn
1555 4949 1796 5031 antiquissimas
1823 4967 1919 5030 quam
1941 4947 2088 5012 Cratinus
2111 4945 2260 5012 docuerat
2310 4967 2314 4974 ·

424 5044 552 5130 plenam
573 5045 765 5131 petulantiae
788 5053 821 5112 et
841 5046 990 5112 lasciviae
1013 5053 1046 5111 et
1067 5047 1283 5130 obscenitatis,
1306 5047 1476 5134 disceptari
1503 5055 1617 5135 potest.
1650 5049 1836 5114 Athenaeus
1858 5051 1943 5114 enim
1963 5047 2028 5115 XV.
2051 5069 2082 5134 p.
2099 5048 2197 5116 6990.
2221 5047 2259 5113 de

423 5147 605 5231 Hegemone
631 5149 754 5214 iudicat
779 5151 840 5216 aio:
868 5147 1002 5240 γέγραφε
1025 5138 1060 5212 δὲ
1081 5150 1132 5213 καὶ
1152 5139 1317 5239 κωμῳδίαν
1339 5155 1379 5226 είς
1400 5151 1454 5214 τὰν
1476 5153 1598 5240 άρχαϊον
1618 5151 1744 5240 τρόπον,
1772 5155 1810 5223 ἣν
1836 5152 2031 5242 ίπιγράρυυσι
2057 5148 2200 5232 Φιλίνην,
2229 5155 2261 5214 et
