4866 6178
1253 361 1464 428 -14...

443 550 605 634 bngabaat
625 549 676 621 val
702 551 732 617 ei
756 549 941 631 malednta,
968 548 1180 633 nndeeraque
1208 569 1248 614 aa
1272 547 1513 630 mtastmtor,
1539 549 1633 614 citius
1656 547 1894 634 dissipabantur
1914 553 1947 612 et
1968 549 2059 631 quasi
2079 549 2148 612 sins
2171 549 2280 634 capite

442 651 630 734 manabant,
657 673 695 720 aa
721 651 923 737 cupidissima
951 651 1147 737 arripiebant
1172 657 1204 716 et
1230 651 1266 715 in
1293 647 1539 740 ἀποφθεγμάτων
1561 671 1675 734 corpora
1696 649 1896 734 redigebant,
1918 655 1974 716 aut
1995 651 2043 714 ita
2060 649 2278 733 neglegenter,

443 759 483 824 at
506 753 591 824 uude
617 752 778 822 audirent
804 752 898 838 plana
924 751 1016 820 obliti
1041 759 1151 818 ment
1175 759 1230 818 ant
1250 751 1298 818 ita
1322 752 1425 818 levem
1447 759 1618 836 requenter
1638 757 1799 818 aucorem
1822 759 1858 816 ut
1878 751 2034 818 muenia
2058 750 2189 836 dignum
2209 771 2278 816 non

443 861 599 945 putarant
645 855 748 932 Quum
774 875 851 920 voro
875 853 956 922 nihil
982 861 1048 920 tani
1069 854 1195 921 volume
1224 855 1265 918 sit
1292 875 1385 938 quarn
1412 854 1632 936 maledictum,
1659 855 1751 918 lictae
1773 853 1845 918 illae
1868 853 2048 919 auditiones
2069 874 2133 920 non
2155 855 2191 918 in
2210 873 2277 918 nnn

442 955 664 1026 munuae
689 959 842 1042 scriptore
869 955 1049 1039 considere,
1075 977 1140 1024 non
1165 959 1199 1022 in
1226 977 1289 1022 uno
1317 956 1534 1022 tantummode
1561 955 1704 1036 bomine,
1731 958 1785 1040 qui
1812 963 1940 1048 propter
1961 954 2185 1022 disseminatos
2203 954 2278 1020 illos

444 1057 664 1144 dispersosque
686 1077 847 1128 autumes
869 1060 1110 1128 emundante
1132 1060 1289 1125 iacturam
1309 1059 1443 1140 iecerat,
1464 1058 1593 1136 hamore
1608 1057 1769 1140 solebant,
1790 1057 1847 1124 sed
1868 1077 1925 1143 per
1945 1055 2060 1122 multos
2082 1057 2182 1124 libros
2201 1077 2279 1142 par-

443 1158 632 1242 valitabaut,
654 1165 687 1226 et
708 1163 891 1245 quicunque
913 1159 1010 1228 simili
1032 1159 1170 1246 quadam
1190 1163 1272 1226 vitae
1296 1160 1477 1228 conditione
1498 1159 1804 1241 canendorum
1827 1161 1851 1224 ii
1870 1158 1984 1224 iisdem
2005 1157 2184 1224 maledictis
2205 1181 2278 1224 cor-

443 1261 639 1348 ripiebantur
660 1262 882 1348 similibusque
904 1263 1140 1332 narrationibus
1160 1261 1462 1347 perstringebantur.
1499 1263 1576 1328 Inde
1594 1261 1783 1351 estfactum
1805 1269 1840 1326 ut
1857 1261 1967 1327 eadam
1984 1281 2055 1342 ror,
2078 1281 2172 1346 qnam
2193 1261 2280 1326 alins

443 1364 570 1436 misisse
592 1363 773 1446 dicebatur,
794 1366 830 1432 in
850 1363 929 1432 alios
951 1366 1162 1446 auferretur,
1184 1363 1270 1448 quod
1291 1385 1403 1430 verum
1424 1385 1495 1430 esse
1515 1386 1554 1429 er
1576 1362 1697 1429 ocllat‘u
1719 1365 1803 1428 inter
1823 1383 1874 1444 se,
1896 1383 1976 1446 quaa
1998 1362 2087 1448 apud
2104 1363 2279 1448 Diogenem

443 1465 603 1536 Ιιιὸιιιιιιιι
617 1468 651 1532 in
665 1466 922 1554 philosophorum
935 1467 1011 1534 vitia
1026 1467 1189 1550 leguntur,
1210 1467 1455 1534 narratiunculis
1470 1467 1700 1552 comprobabar.
1732 1465 1849 1532 Multae
1864 1467 1949 1532 enim
1966 1485 2075 1532 aarum
2089 1465 2130 1532 ad
2143 1465 2280 1532 verbum

445 1567 522 1634 adeo
553 1570 773 1650 conmutiuat,
800 1573 837 1638 ut
864 1568 944 1638 nibil
973 1571 1037 1634 nisi
1064 1589 1271 1654 pareantum
1298 1568 1430 1636 aomina
1456 1575 1580 1636 muna
1606 1587 1675 1634 ease
1704 1567 1881 1634 videantur.
1923 1567 1972 1632 Ita
1997 1567 2157 1634 inhonesti
2176 1567 2221 1634 illi
2243 1577 2282 1634 et

444 1671 561 1754 impuri
575 1689 651 1736 suae
666 1669 852 1757 disciplinae
868 1676 1041 1739 sonores
1063 1669 1258 1754 indignitate
1281 1672 1386 1738 anain
1408 1669 1605 1736 adversarios
1626 1671 1805 1736 tantitatem
1819 1677 1852 1732 et
1866 1671 2080 1753 iutegritatem
2100 1669 2280 1736 littarm

445 1771 553 1841 fucata
572 1793 632 1838 sua
645 1771 790 1843 doctina
804 1773 883 1840 adeo
904 1777 1111 1858 wnapernnt
1124 1778 1158 1836 et
1177 1793 1278 1859 paene
1292 1771 1549 1858 deperdiderunt,
1571 1779 1606 1838 ut
1626 1774 1678 1836 vir
1694 1774 1761 1838 veri
1783 1771 1956 1856 quidquam
1970 1771 2038 1836 sire
2060 1771 2101 1838 da
2114 1776 2279 1858 potam

445 1875 512 1942 sive
533 1873 573 1940 de
594 1873 854 1964 pbilosophorum
874 1877 952 1942 vitis
972 1874 1057 1962 apud
1077 1877 1287 1961 posteriorum
1308 1881 1486 1960 temporam
1512 1877 1687 1960 reperiatur
1715 1876 1900 1958 scriptores,
1930 1875 1987 1958 qni
2013 1875 2083 1938 eine
2111 1873 2177 1940 ulla
2203 1875 2280 1942 laffi

445 1977 623 2062 suspicione
650 1975 740 2044 nulla
760 1976 903 2046 adbibita
924 1996 1059 2046 camara
1080 1978 1172 2044 fictas
1193 1977 1267 2044 illas
1287 1983 1320 2042 et
1340 1979 1509 2045 ementitas
1530 1977 1725 2042 narrationes
1751 1997 1807 2061 pro
1829 1978 1915 2042 veris
1935 1983 2134 2060 acceperunt
2176 1977 2221 2044 lla
2240 1977 2280 2042 in

444 2097 576 2144 nurnero
598 2083 648 2146 ost
667 2079 824 2162 Diogenes
845 2079 1005 2156 hairtins,
1035 2079 1088 2163 qui
1116 2081 1186 2146 aiae
1208 2079 1393 2148 discrimine
1414 2087 1447 2146 et
1468 2077 1611 2144 credulos
1632 2077 1705 2144 illos
1727 2085 1761 2142 et
1780 2077 1951 2144 malevolas
1977 2083 2106 2146 motas
2133 2085 2281 2146 meteres

444 2181 565 2257 variam
578 2201 669 2250 suam
683 2179 860 2253 tunnam
874 2200 914 2248 er
928 2181 1201 2268 apophthegmatis
1216 2181 1420 2268 deprompsit
1450 2181 1529 2251 Vide
1548 2200 1668 2266 quaero
1683 2185 1805 2264 quanta
1818 2180 1972 2263 gravitm
1985 2177 2094 2248 Bionis
2109 2180 2173 2266 liv.
2188 2183 2218 2264 i,
2232 2181 2283 2266 3),

444 2281 624 2350 maante
647 2281 697 2366 (V,
713 2283 801 2365 1,11
819 2291 851 2348 et
867 2283 919 2366 13)
941 2283 1024 2352 aalse
1039 2288 1074 2349 at
1085 2284 1188 2352 iacate
1208 2283 1293 2352 dicta
1313 2283 1501 2366 laudaverit,
1514 2303 1612 2367 quam
1633 2289 1791 2364 accursu,
1805 2285 1896 2366 quasi
1910 2282 1946 2347 in
1966 2302 2085 2350 nsvuan
2098 2285 2282 2370 scriptionia

445 2383 550 2462 heum
565 2385 730 2466 transiret,
749 2385 1008 2471 pbilosophorum
1021 2385 1107 2454 dicta
1120 2388 1167 2454 ita
1179 2387 1356 2469 induxerit,
1374 2393 1410 2454 ιιι
1424 2387 1547 2454 nemini
1559 2383 1792 2452 dubitationem
1804 2382 2016 2469 relinqueret,
2029 2405 2063 2450 se
2078 2381 2283 2475 iaspis-spir-

445 2509 507 2552 των
529 2491 707 2562 narratores
730 2491 832 2572 sequi.
874 2488 1030 2556 aaronis
1050 2491 1137 2556 euim
1157 2509 1237 2556 uana
1258 2495 1323 2558 eata
1352 2479 1566 2578 ἀπεφθέγξατο
1588 2487 1631 2571 ιι,
1653 2487 1689 2567 t,
1712 2487 1761 2552 16.
1794 2487 1825 2568 Ι,
1847 2485 1885 2566 3,
1906 2486 1929 2554 6
1948 2487 2048 2572 saep.)
2069 2489 2161 2576 parts
2178 2493 2282 2566 abate,

445 2585 570 2678 λέγεται
592 2592 700 2667 εἰπεῖν,
721 2580 937 2680 ἀπεφθέγξατο
958 2579 993 2654 dl
1015 2611 1089 2679 φασι
1110 2591 1153 2674 ιι,
1175 2591 1278 2674 ll,2.
1310 2591 1356 2674 ll,
1378 2590 1409 2672 3,
1431 2591 1462 2654 ὅ.
1495 2597 1555 2656 oet.
1578 2589 1608 2666 l,
1630 2589 1666 2670 2,
1689 2588 1769 2670 16.),
1788 2587 1975 2676 malama
1995 2577 2031 2654 dd
2052 2593 2095 2664 air
2114 2589 2206 2654 ariade
2227 2591 2284 2654 sat

447 2687 671 2780 ἀποφθέγματα
693 2692 733 2775 (Ι,
756 2693 790 2774 1,
813 2693 843 2758 9.
866 2693 904 2774 V,
928 2694 962 2774 1,
986 2694 1036 2757 11.
1059 2693 1097 2775 V,
1118 2694 1154 2774 2,
1178 2693 1245 2776 10),
1275 2694 1390 2777 quibus
1416 2695 1451 2760 in
1477 2713 1549 2758 earn
1570 2693 1753 2776 scriptionis
1781 2697 1901 2776 partem
1923 2692 2067 2772 transiit,
2093 2711 2156 2776 qna
2175 2691 2282 2778 philo-

447 2791 618 2878 sophorum
638 2792 723 2863 sales
750 2801 785 2860 ct
803 2793 953 2877 tacebas,
980 2815 1044 2862 non
1070 2795 1206 2862 macrae
1229 2815 1287 2862 aaa
1306 2797 1341 2860 in
1361 2781 1446 2862 vitae
1472 2795 1686 2860 iuniorem
1706 2793 1763 2860 aad
1785 2795 1877 2876 quari
1896 2791 2026 2862 ardeae
2043 2799 2081 2859 at
2098 2791 2217 2862 solutae
2238 2814 2281 2858 ex

447 2897 534 2970 omni
554 2915 661 2962 ronam
684 2896 921 2978 coniunctione,
944 2903 1076 2964 cuncta
1103 2899 1346 2966 mutuarentur.
1390 2897 1477 2964 llaec
1498 2899 1535 2962 ia
1554 2897 1649 2962 rebus
1670 2893 1903 2981 componendis
1926 2898 2083 2962 amuraho
2105 2895 2284 2980 Diogenem

446 2997 482 3064 in
507 2997 675 3069 narrandis
700 2997 858 3084 leporibus
885 3005 917 3067 at
942 2999 1066 3068 faceffis
1092 2999 1227 3068 alimum
1252 3005 1419 3067 ausurum
1445 3005 1592 3066 uentum
1619 3017 1687 3064 esse
1715 2999 1911 3066 narrationes
1938 2997 2096 3093 οιιοιιιιι,
2120 3019 2199 3082 quae
2222 2998 2283 3064 ubi
2403 3083 2404 3086 Ἴ

446 3097 565 3182 largius
586 3099 780 3171 aiduxarm
799 3103 829 3170 ei
850 3103 1002 3170 maiorem
1024 3104 1147 3190 copiam
1168 3101 1470 3188 apophthegmatum
1491 3099 1682 3177 attulerunt,
1707 3097 1790 3184 qnod
1811 3103 1846 3164 in
1867 3105 1989 3186 septem
2011 3101 2225 3186 sapiondbna,
2243 3099 2282 3168 in
2403 3109 2404 3120 ¹

447 3200 645 3284 Aetolorur,
671 3202 872 3286 Αιιωςοιιι,
897 3205 1074 3290 Aristippo,
1100 3204 1303 3286 Menedemo,
1323 3203 1484 3288 Stilpone,
1503 3203 1653 3284 Platone,
1671 3201 1863 3283 Xanoorata,
1890 3201 2058 3284 Crantore,
2077 3201 2281 3284 Antisthene,

447 3302 602 3386 Diogene,
625 3303 765 3386 cineta,
786 3305 930 3388 Zenone,
956 3306 1109 3376 Cleanthe
1133 3306 1290 3392 imprimis
1316 3305 1435 3372 tactum
1464 3325 1537 3372 ease
1563 3304 1723 3383 ridemus3
1752 3311 1785 3370 et
1811 3303 1896 3388 qood
1921 3305 2177 3372 narratiunculae
2198 3307 2281 3372 istae

448 3403 684 3488 adlegandum
711 3407 1012 3480 commendabantur
1033 3429 1055 3474 a
1077 3409 1216 3492 Diogene
1237 3408 1380 3490 hairtin,
1399 3408 1475 3492 qnia
1495 3397 1635 3497 pareto
1662 3405 1782 3491 ahquid
1808 3409 1848 3470 iis
1870 3408 1990 3474 henot
2012 3407 2067 3490 (V,
2089 3407 2128 3490 2,
2149 3407 2226 3490 ln),
2245 3407 2284 3474 id
2403 3483 2404 3500 2

448 3507 616 3579 eonsilium
645 3528 755 3577 eorum
781 3511 858 3578 eatis
885 3517 992 3596 aperte
1019 3511 1140 3596 prodii,
1166 3512 1282 3596 quibus
1302 3512 1414 3597 primis
1433 3509 1580 3594 religiosa
1601 3531 1638 3576 ac
1661 3508 1826 3592 diligenter
1848 3511 1991 3576 virorum
2009 3509 2174 3576 docwrum
2195 3508 2284 3576 dicta

450 3608 595 3693 colligere
616 3612 651 3674 in
672 3617 812 3684 menum
832 3615 929 3682 venit

601 3713 719 3782 veum
738 3719 776 3784 ut
792 3713 840 3812 ad
859 3714 1023 3799 Lynceum
1042 3721 1199 3796 severas,
1218 3716 1248 3782 la
1270 3717 1301 3785 s'a
1320 3714 1477 3784 secundus
1499 3715 1576 3796 init,
1606 3717 1661 3798 qni
1683 3713 1948 3801 apophthegmata
1969 3713 2072 3782 edidit
2089 3721 2162 3800 post
2183 3713 2280 3780 Calli-

449 3813 609 3898 rthouern,
631 3813 766 3886 eandam
785 3821 881 3901 atque
902 3815 958 3884 illo
978 3837 1016 3882 aa
1036 3819 1072 3882 in
1092 3837 1128 3882 ra
1148 3819 1304 3888 rationem
1325 3818 1531 3900 sequebatur,
1554 3836 1652 3901 quam
1670 3823 1796 3902 tempus
1818 3816 1990 3900 efflagitare
2011 3816 2194 3900 videbatur,
2214 3817 2281 3882 inr-

449 3937 597 4000 maraque
619 3917 742 3984 invenit
762 3920 824 4000 rei,
847 3939 942 4002 quam
964 3921 1034 3987 eiua
1055 3920 1169 3986 aetatis
1190 3922 1246 4004 qni
1264 3919 1381 3986 littoris
1401 3919 1566 3986 studerent
1594 3939 1708 3986 omnes
1725 3918 1939 4006 postulabant
1994 3918 2076 3997 Quid
2097 3939 2171 3986 vero
2193 3926 2283 3986 aetas

449 4040 488 4086 aa
507 4019 714 4105 postulaverit
742 4041 840 4106 quarn
867 4042 905 4088 ex
932 4021 1005 4088 aliis
1030 4022 1250 4108 Peripateticis
1277 4043 1464 4106 cognoscere
1490 4021 1581 4102 licet,
1609 4029 1679 4086 tum
1706 4042 1745 4086 ex
1772 4019 2013 4088 Chamaeleonta
2039 4021 2111 4104 illo,
2139 4021 2193 4106 qni
2220 4041 2282 4086 nee

450 4121 594 4189 dvorsus
609 4122 649 4187 ab
671 4123 815 4190 eiusdem
836 4123 960 4190 sobolaa
980 4123 1144 4209 discipulis
1159 4146 1217 4190 nec
1240 4127 1384 4208 ignarus,
1405 4123 1484 4208 quid
1503 4133 1573 4190 tum
1594 4125 1759 4190 hominum
1780 4129 1903 4188 mantes
1924 4126 1958 4188 ιιι
1976 4125 2043 4188 viro
2058 4123 2151 4190 docto
2173 4125 2280 4208 requi·

449 4231 571 4306 rorent,
597 4225 637 4292 ab
662 4225 831 4294 dristotDo
859 4227 971 4294 doctus
992 4233 1059 4293 arat
1080 4227 1121 4294 de
1142 4233 1209 4294 arte
1232 4230 1384 4311 cogitare,
1413 4235 1539 4293 etcum
1565 4225 1715 4293 Clearcho
1736 4227 1930 4308 oenigmata,
1958 4247 2032 4292 oum
2056 4225 2181 4309 Lynceo
2203 4247 2280 4310 apc-

449 4324 653 4409 phtbegmata
673 4327 856 4396 venabatur.
901 4329 1111 4396 Chamaeleon
1131 4329 1244 4414 igitur,
1264 4332 1319 4414 qui
1340 4336 1474 4414 utroque
1496 4329 1576 4414 pade
1599 4331 1691 4412 quasi
1712 4329 1834 4414 positus
1857 4335 1942 4394 esset
1963 4335 1995 4392 et
2008 4329 2160 4394 fundatus
2175 4331 2208 4394 iu
2223 4349 2280 4392 sua

452 4432 554 4495 aetate
580 4448 699 4513 suaque
721 4430 902 4518 disciplina,
924 4438 1072 4525 naubrpn
1093 4453 1201 4498 aarum
1224 4434 1374 4515 arcessit,
1397 4431 1453 4498 sed
1475 4431 1655 4516 aequalium
1676 4451 1805 4498 suorum
1826 4437 1858 4496 et
1880 4431 2171 4516 condiscipulorum
2186 4432 2279 4496 ratio·

450 4550 524 4597 narn
546 4537 673 4600 suenus
696 4532 863 4619 amplexus
883 4541 941 4598 est
985 4534 1069 4600 Num
1090 4537 1125 4599 in
1156 4534 1223 4600 ulla
1249 4555 1282 4599 re
1310 4556 1364 4600 eos
1386 4537 1597 4620 superaverit,
1616 4553 1681 4598 non
1703 4533 1824 4616 dicam,
1849 4533 1934 4618 quod
1958 4541 1990 4598 et
2010 4535 2078 4598 eius
2101 4539 2137 4596 et
2155 4532 2280 4598 illorum

399 4643 403 4656 ·
450 4632 602 4718 reliquiae
629 4639 696 4700 tam
722 4657 841 4720 paucae
868 4637 949 4720 sint,
976 4644 1014 4702 ut
1040 4640 1305 4723 comparationem
1330 4639 1413 4702 inter
1442 4657 1475 4704 se
1502 4639 1557 4701 vix
1584 4636 1762 4702 admittant
1808 4635 1974 4719 Singulare
2002 4656 2075 4700 voro
2102 4634 2222 4719 aliquid
2249 4638 2281 4698 et
2405 4709 2406 4714 ἵ

450 4739 553 4823 ipsius
572 4739 733 4822 proprium
753 4739 788 4804 in
810 4739 1050 4806 chamaeleonte
1072 4739 1186 4823 inisse,
1209 4739 1402 4806 credendum
1423 4746 1529 4806 tamen
1545 4745 1609 4820 est,
1631 4758 1730 4823 quum
1742 4739 1959 4824 interpretatio
1975 4740 2059 4818 eins,
2081 4745 2281 4820 quaestores

450 4845 559 4926 positas
581 4839 764 4925 illustravit,
785 4842 893 4908 multis
915 4841 993 4908 locis
1015 4843 1055 4908 ab
1077 4842 1149 4908 aliis
1170 4842 1327 4928 discrepet
1347 4843 1513 4927 ipsumque
1534 4841 1647 4922 nullis,
1670 4840 1752 4925 quod
1774 4844 1925 4922 sciamus,
1947 4839 2148 4906 adminiculis
2170 4847 2280 4925 suapte

451 4943 570 5027 ingenii
597 4944 629 5008 vi
656 4963 774 5027 auoque
800 4951 836 5010 ut
862 4944 978 5012 dicitnr
1003 4945 1104 5010 llarte
1131 4945 1166 5010 in
1191 4944 1395 5031 expediendis
1418 4943 1659 5011 difficultatibus
1680 4945 1858 5010 elaborasse
1881 4943 2084 5010 demonstrat
2127 4944 2218 5008 lianc
2240 4943 2280 5007 ob
2405 4949 2406 4956 ’

453 5067 600 5116 raumara
621 5049 717 5114 etiam
738 5067 841 5132 panon
861 5068 914 5129 aa,
935 5067 1016 5131 quaa
1036 5068 1205 5133 possumus
1227 5048 1380 5133 prolerre,
1406 5047 1547 5114 conterre
1570 5046 1688 5112 debent
1714 5047 1755 5112 ad
1775 5049 1947 5130 imaginem
1967 5045 2054 5112 illius
2075 5045 2188 5112 aetatis
2209 5065 2280 5131 per-
2405 5113 2406 5116 ,

453 5147 635 5232 finiendam,
662 5169 741 5234 quaa
763 5157 890 5236 propter
912 5150 1091 5216 stadiorum
1115 5149 1338 5260 adsiduitatem
1364 5149 1459 5216 altius
1480 5153 1515 5216 in
1537 5170 1643 5216 rernm
1665 5170 1794 5216 caussas
1815 5155 2024 5233 naturamque
2046 5147 2280 5234 penetrantium
