4866 6178
355 614 418 680 24.

1279 405 1491 470 ..33-

622 597 705 674 Quas
728 595 866 678 singulas
893 599 1070 678 temporum
1096 593 1217 658 invidia
1244 595 1383 658 servavit
1402 591 1567 676 reliquias,
1600 593 1658 656 hae
1681 599 1770 657 sunt:
1803 591 1918 656 Athen.
1942 591 2000 673 IX,
2021 613 2051 677 p.
2075 591 2146 656 390.
2171 612 2200 657 a.
2235 587 2303 654 Κα-

467 700 591 761 λοῦνται
612 685 647 760 δέ
668 701 697 760 οί
717 686 853 784 πέρδικες
874 693 922 759 ὐπ’
945 695 1030 759 ἐνίων
1051 693 1219 776 κακκάβαι,
1242 699 1282 769 ὡς
1303 696 1354 758 καὶ
1377 692 1425 758 ὐπ’
1447 692 1614 783 Ἀλκμᾶνος
1635 693 1779 783 λέγοντος
1800 692 1908 768 ούτως·

1100 785 1194 878 ἐπᾷδε
1216 785 1251 860 δὲ
1273 799 1324 860 καὶ
1347 795 1437 886 μέλος
1459 794 1594 886 Ἀλκμάν

1098 891 1164 986 εὗρέ
1185 921 1220 962 τε
1242 897 1455 990 γλωσσάμενον
1477 888 1665 981 κεκκαβίδων

1098 1001 1204 1090 ὤνυμα
1226 997 1407 1088 συνθέμενος.
1803 1045 1805 1058 .

467 1113 569 1193 σαφῶς
591 1095 759 1193 ἐμφανίζων
782 1103 828 1167 ὅτι
849 1103 930 1192 πόιριὶ
951 1113 1013 1166 τῶν
1034 1091 1183 1191 περδίκων
1205 1091 1287 1186 ᾄδειν
1311 1100 1473 1190 ἐμάνθανε·
1507 1091 1553 1165 διό
1580 1103 1631 1165 καὶ
1652 1100 1837 1192 Χαμαιλέων
1865 1105 1881 1166 ὀ
1903 1099 2143 1192 Περιπατητικὸς
2166 1109 2226 1192 ἐφη
2248 1104 2303 1174 τήν

468 1205 579 1296 εὕρεσιν
605 1215 659 1280 τῆς
686 1215 828 1294 μουσικῆς
854 1215 916 1279 τοῖς
938 1206 1070 1294 ἀρχαίοις
1092 1201 1281 1276 ἐπινοηθῆναι
1304 1205 1363 1268 ἀπό
1385 1214 1448 1268 τῶν
1471 1206 1502 1268 ἐν
1523 1214 1589 1280 ταῖς
1611 1205 1743 1293 ἐρημίαις
1764 1193 1901 1286 ᾀδόντων
1923 1201 2056 1292 ὀρνίθων·
2084 1198 2125 1268 ὧν
2147 1205 2233 1268 κατά
2254 1207 2303 1295 μί-

467 1331 556 1398 μησιν
577 1305 680 1372 λαθεῖν
702 1305 805 1371 στάσιν
826 1308 882 1379 τήν
904 1307 1056 1396 μουσικήν.
2418 1371 2419 1380 χ

620 1410 678 1475 Th.
699 1409 851 1493 Berglrins
873 1413 907 1474 in
928 1409 1030 1475 Alcm.
1053 1408 1108 1474 rel.
1132 1408 1173 1473 43
1196 1411 1323 1495 scripsit
1345 1410 1439 1499 ἐπῆγε
1460 1429 1517 1494 pro
1540 1397 1649 1491 ἐπᾷδε,
1672 1413 1768 1492 utque
1791 1407 1981 1474 scriberetur
2002 1429 2058 1494 pro
2085 1408 2302 1500 γλωσσιίμενον

467 1515 567 1577 euasit
587 1516 813 1601 κλωσσαμενᾶν.
857 1513 1054 1596 Quamquam
1083 1510 1138 1575 illa
1159 1511 1320 1576 Alcmanis
1343 1533 1414 1576 curu
1437 1511 1678 1576 Chamaeleoute
1703 1513 1881 1576 coniunctio
1907 1513 2021 1575 iterata
2049 1512 2160 1577 catab
2185 1511 2301 1578 Athen.

466 1613 549 1680 XIII.
571 1635 602 1700 p.
627 1615 689 1678 600
710 1615 743 1694 l,
765 1613 830 1678 noli
852 1619 958 1678 tamen
981 1613 1019 1678 de
1043 1613 1194 1697 singulari
1216 1613 1353 1697 quodam
1375 1612 1626 1678 Chamaeleontis
1654 1612 1693 1677 de
1714 1613 1869 1678 Alcmene
1894 1612 1974 1678 libro
1998 1615 2143 1698 cogitare.
2189 1613 2303 1678 Errant

465 1715 605 1802 profecto
629 1717 681 1800 qui
703 1719 749 1780 ita
769 1717 915 1795 iubeaut;
937 1718 965 1780 is
988 1718 1074 1780 enim
1095 1735 1252 1798 nusquam
1274 1717 1379 1780 extitit
1400 1714 1484 1800 apud
1506 1721 1641 1792 veteres3
1672 1714 1729 1779 sed
1750 1713 1911 1779 Alcmauis
1933 1735 2042 1780 versus
2065 1715 2304 1781 Chamaeleonti

468 1821 557 1902 quasi
579 1824 761 1902 argumento
789 1818 891 1900 fuere,
924 1839 984 1902 quo
1012 1838 1087 1881 vera
1113 1837 1151 1882 ea
1177 1837 1263 1900 esse,
1295 1837 1374 1901 quae
1401 1817 1435 1880 in
1463 1819 1602 1882 suasorio
1629 1816 1736 1882 libello
1765 1817 1804 1881 de
1826 1819 1964 1881 musicae
1992 1818 2111 1901 origine
2136 1818 2303 1904 proferret,

468 1919 645 2003 legentibus
668 1921 822 2006 probaret.

619 2022 734 2090 Athen.
757 2022 815 2104 IV,
843 2044 872 2106 p.
898 2021 959 2086 184
982 2021 1011 2086 d.
1047 2017 1162 2110 Ἔμελε
1191 2011 1225 2084 δὲ
1251 2031 1313 2095 τοῖς
1339 2018 1434 2084 πάλαι
1461 2027 1550 2084 πᾶσιν
1577 2015 1708 2092 Ἕλλησι
1731 2030 1885 2110 μουσικῆς·
1914 2010 2014 2110 διόπερ
2037 2023 2089 2085 καί
2110 2027 2129 2093 ἡ
2153 2023 2302 2093 αὐλητικὴ

466 2113 719 2214 περισπούδαστος
745 2117 790 2193 ἦν.
834 2121 1021 2213 Χαμαιλέων
1047 2132 1121 2213 γοῦν
1149 2127 1166 2186 ὀ
1193 2121 1404 2212 Ἡρακλεώτης
1431 2123 1462 2186 ἐν
1483 2132 1528 2206 τῷ
1551 2122 1779 2213 ἐπιγραφομένῳ
1801 2119 2018 2212 Προτρεπτικῷ
2040 2111 2304 2212 Λακεδαιμονίους

467 2228 538 2316 φησὶ
560 2227 612 2290 καί
634 2224 786 2308 Θηβαίους
807 2230 923 2302 πάντας
945 2228 1045 2289 αὐλεῖν
1069 2222 1241 2314 μανθάνειν,
1270 2222 1482 2314 Ἡρακλεώτας
1508 2246 1544 2288 τε
1569 2225 1640 2300 τούς
1662 2227 1693 2288 ἐν
1714 2234 1760 2307 τῷ
1781 2225 1882 2307 πόντῳ
1906 2221 1972 2288 καθ’
1994 2226 2101 2288 ἑαυτόν
2123 2229 2185 2306 ἔτι,
2215 2222 2301 2296 Ἀθη·

410 2389 414 2400 ,
467 2330 556 2392 ναίων
577 2350 612 2392 τε
633 2327 702 2402 τούς
725 2326 976 2415 ἐπιφανεστάτους
997 2325 1137 2390 Καλλίαν
1158 2350 1193 2391 τε
1214 2328 1268 2391 τόν
1290 2324 1456 2390 Ἰππονίκου
1478 2329 1530 2391 καί
1551 2324 1677 2416 Κριτίαν
1697 2326 1751 2389 τόν
1773 2323 1994 2416 Καλλαίσχρου.

618 2429 734 2494 hadem
754 2430 900 2495 laudibus
923 2429 977 2496 alii
998 2450 1122 2514 quoque
1143 2430 1220 2511 viri,
1250 2431 1305 2514 qui
1332 2436 1458 2515 propter
1483 2428 1611 2516 publica
1637 2449 1694 2494 sua
1715 2431 1829 2492 merita
1851 2428 1927 2494 clari
1949 2436 2040 2494 erant
2061 2428 2146 2515 apud
2168 2435 2301 2511 veteres,

468 2531 508 2596 ab
529 2532 691 2596 Athenaeo
713 2531 898 2611 offerentum
921 2531 1005 2598 idem
1028 2536 1113 2597 enim
1136 2531 1174 2596 de
1196 2531 1360 2600 Alcibiade
1383 2531 1477 2596 Duris
1500 2531 1551 2615 (cl.
1574 2531 1765 2596 Hellemann
1787 2530 1825 2594 de
1846 2530 1922 2596 Dur.
1945 2553 1975 2616 p.
2000 2531 2090 2615 179),
2112 2531 2153 2597 de
2175 2531 2300 2618 Epami-

468 2633 574 2699 nonda
593 2636 802 2700 Aristoxenus
824 2637 964 2708 narravit
985 2634 1035 2718 (cf.
1059 2633 1173 2700 hlahne
1198 2634 1236 2698 de
1258 2634 1355 2699 Arist.
1378 2657 1408 2720 p.
1434 2634 1517 2717 170).

619 2736 734 2802 Athen.
756 2737 838 2802 XIII.
861 2757 891 2822 p.
916 2736 978 2801 623
1000 2737 1021 2800 f.
1054 2735 1195 2810 Κλεινίας
1222 2745 1295 2826 γοῦν
1318 2739 1334 2798 ὀ
1356 2732 1575 2826 Πυθαγόρειος,
1609 2739 1649 2809 ὡς
1670 2733 1855 2824 Χαμαιλέων
1878 2739 1894 2798 ὀ
1915 2733 2064 2812 Ποντικός
2091 2739 2218 2825 ἱστορεῖ,
2252 2735 2300 2797 καὶ

447 2848 512 2921 ’τῷ
534 2839 589 2921 βίῳ
611 2841 662 2902 καὶ
683 2849 745 2912 τοῖς
765 2836 849 2910 ήθεσι
872 2828 1034 2928 διαφορῶν,
1058 2841 1179 2902 εἴποτε
1202 2836 1354 2921 συνέβαινε
1375 2839 1564 2926 χαλεπαίνειν
1586 2836 1678 2901 αὐτόν
1701 2825 1738 2900 δι’
1760 2837 1866 2926 ὀργήν,
1890 2836 2110 2926 ἀναλαμβάνων
2131 2839 2190 2909 τήν
2212 2835 2300 2926 λύραν

467 2932 627 3030 ἐκιθάριζε·
659 2940 730 3029 πρύς
757 2928 791 3004 δὲ
816 2940 887 3015 τοὺς
916 2931 1129 3016 ἐπιζητοῦντας
1154 2939 1210 3011 τήν
1238 2940 1337 3003 αἰτίαν
1364 2943 1450 3030 ἐλεγε
1478 2941 1696 3029 ,,πραύνομαι“.
1742 2940 1803 3017 Qui
1824 2941 1858 3003 in
1881 2940 2149 3025 compendiariam
2171 2941 2300 3005 formam

467 3043 588 3126 redegit
608 3042 724 3107 Athen.
748 3043 876 3129 scripsit
896 3063 952 3128 pro
973 3051 1019 3126 τῷ
1042 3043 1110 3124 βίῳ·
1132 3053 1172 3127 τῇ
1194 3043 1308 3132 γνώμῃ.
1352 3042 1399 3106 De
1423 3063 1482 3126 quo
1505 3041 1714 3106 Chamaeleon
1736 3045 1892 3124 narrarit,
1920 3041 2038 3107 Cliniae
2065 3042 2119 3108 ille
2141 3061 2299 3108 unacum

467 3145 607 3227 Archyta
628 3151 661 3208 et
680 3144 796 3227 Euryto
824 3144 1003 3210 Tarentinis
1032 3152 1063 3209 et
1091 3166 1162 3210 enm
1183 3143 1528 3226 Echecratehocrensi
1554 3145 1637 3209 inter
1658 3143 1799 3208 Platonis
1825 3151 1893 3208 erat
1919 3147 2046 3209 amicus.
2090 3145 2154 3227 (Cf.
2178 3144 2298 3212 Aristo-

466 3267 585 3311 xenum
607 3245 691 3332 apud
712 3246 799 3330 Diog.
821 3246 923 3311 Latet.
946 3247 1000 3328 IX,
1021 3248 1072 3313 40.
1118 3247 1236 3311 Cliniae
1258 3247 1379 3310 amicus
1400 3244 1549 3330 Amyclas
1574 3245 1665 3311 modo
1688 3245 1910 3328 Pythagoreis,
1937 3246 2029 3311 modo
2055 3246 2228 3312 Platonicis
2249 3266 2298 3309 ae·

468 3353 622 3412 censetur.
666 3347 848 3413 Beckmann
870 3347 909 3412 de
931 3348 1061 3433 Pythag.
1084 3348 1161 3434 relq.
1184 3369 1253 3435 pag.
1269 3349 1322 3429 24,
1343 3369 1412 3434 pag.
1430 3349 1479 3414 10.
1502 3348 1572 3414 Not.
1588 3347 1661 3431 Ab).
1696 3347 1743 3412 De
1759 3347 1860 3412 Clinia
1881 3347 1934 3413 illo
1950 3349 2119 3414 Tarentino
2143 3349 2298 3434 copiosius

468 3453 532 3532 egit
552 3449 698 3515 Mahnius
721 3449 776 3533 (de
797 3452 894 3516 Arist.
917 3473 947 3536 p.
971 3450 1039 3536 89).
1085 3451 1204 3516 Cliniae
1233 3451 1495 3517 consuetudinem
1521 3452 1648 3535 repetiit
1675 3449 1708 3515 C.
1733 3449 1909 3532 Gracchus,
1938 3471 2032 3534 quem
2057 3450 2246 3516 Plutarchus
2266 3451 2298 3512 in

467 3552 537 3617 Tib.
562 3553 614 3618 Gr.
637 3553 676 3616 ll.
700 3559 822 3633 narrat,
855 3573 953 3636 quum
978 3554 1012 3618 in
1040 3557 1148 3619 rostris
1176 3553 1281 3618 furore
1304 3554 1439 3638 quodam
1461 3553 1563 3638 abripi
1585 3572 1619 3616 se
1642 3553 1790 3634 sentiret,
1823 3573 1957 3637 puerum
1981 3553 2138 3638 quendam
2160 3553 2297 3618 musicae

467 3656 605 3740 peritum
627 3654 880 3719 iussisse'animi
900 3657 1155 3740 perturbationes
1176 3656 1274 3720 tibiae
1298 3662 1392 3720 cantu
1415 3657 1476 3722 sibi
1498 3654 1617 3720 sedare.

621 3757 735 3821 Athen.
757 3755 839 3822 XllI.
862 3778 891 3843 p.
916 3757 978 3823 600
1000 3759 1021 3822 f.
1045 3756 1188 3847 Ἀρχύτας
1210 3746 1244 3821 δὲ
1267 3761 1283 3822 ὀ
1306 3758 1476 3847 ἁρμονικός,
1505 3758 1545 3831 ὥς
1567 3777 1638 3846 φησι
1658 3753 1859 3845 Χαμαιλέων,
1888 3753 2041 3845 Ἀλκμᾶνα
2061 3755 2218 3847 γεγονέναι
2238 3763 2295 3818 τῶν

469 3859 619 3947 ἐρωτικῶν
641 3861 741 3946 μελῶν
763 3859 898 3948 ήγεμόνα
919 3861 971 3923 καί
992 3849 1131 3924 ἐκδοῦναι
1152 3870 1271 3949 πρῶτον
1294 3859 1384 3948 μέλος
1406 3860 1577 3923 ἀκόλαστον
1599 3857 1673 3921 όντα
1694 3859 1746 3922 καί
1766 3860 1832 3946 περὶ
1853 3857 1909 3934 τάς
1923 3869 2067 3949 γυναῖκας
2086 3860 2139 3923 καί
2160 3859 2217 3930 τήν
2237 3877 2295 3919 τοι·

469 3959 563 4031 αὐτην
585 3969 700 4049 μοῦσαν
722 3965 763 4036 εἰς
783 3960 837 4034 τοὶς
859 3949 1021 4050 διατριβάς·
1045 3951 1091 4025 διό
1113 3963 1164 4025 καὶ
1185 3960 1285 4052 λέγειν
1307 3968 1338 4026 έν
1359 3985 1417 4024 τινι
1438 3972 1500 4025 τῶν
1523 3965 1623 4050 μελῶν
2418 3951 2419 3966 .

1077 4061 1167 4152 Ἔρος
1189 4087 1226 4154 με
1249 4053 1275 4128 δ’
1297 4057 1371 4128 αὐτε
1393 4052 1543 4152 Κύπριδος
1564 4061 1650 4126 έκατι

1078 4167 1189 4256 γλυκύς
1210 4167 1358 4249 κατείβων
1380 4155 1505 4254 καρδίαν
1528 4165 1621 4230 ἰαίνει.

468 4265 515 4331 Cf.
539 4266 595 4332 Th.
618 4266 729 4351 Bergk.
751 4267 838 4332 Post.
860 4265 918 4351 lyr.
940 4267 978 4331 lr.
1001 4269 1052 4332 20.
1075 4305 1117 4314 -
1137 4269 1294 4353 Archytas
1316 4269 1532 4348 harmonicus,
1559 4287 1652 4351 quem
1681 4273 1841 4333 auctorem
1869 4287 1961 4332 snum
1988 4267 2118 4334 adhibet
2144 4268 2293 4334 Chamae·
2418 4309 2419 4318 .

468 4367 556 4452 leon,
578 4371 645 4434 sine
669 4369 763 4434 dubio
785 4368 996 4452 Pythagoreus
1019 4376 1076 4436 est
1114 4371 1160 4436 Cf.
1181 4370 1365 4436 Beckmann
1387 4369 1425 4434 de
1447 4368 1578 4454 Pythag.
1601 4369 1677 4454 relq.
1701 4390 1769 4454 pag.
1794 4371 1844 4434 19.
1866 4370 1936 4436 Not.
1959 4371 2010 4434 96.
2042 4365 2043 4370 ’

619 4470 735 4536 Athen.
757 4470 838 4536 XIV.
860 4494 890 4557 p.
914 4471 976 4536 628
999 4472 1028 4538 d.
1073 4471 1135 4538 Kal
1161 4473 1220 4564 γάρ
1247 4474 1278 4536 ἐν
1305 4471 1424 4562 ὀρχήσει
1451 4473 1502 4534 καί
1528 4473 1634 4561 πορείᾳ
1660 4471 1753 4535 καλόν
1782 4469 1836 4561 μὲν
1862 4471 2068 4562 εὐσχημοσύνη
2098 4473 2150 4537 καί
2176 4470 2291 4558 κόσμος,

468 4571 586 4661 αἰοχρόν
614 4561 648 4636 δὲ
674 4563 785 4647 ἀταξία
812 4575 863 4636 καὶ
888 4573 925 4637 τό
954 4575 1105 4664 φορτικόν·
1134 4564 1184 4638 διοὶ
1210 4583 1302 4638 τοῦτο
1329 4573 1387 4664 γάρ
1414 4575 1466 4636 καὶ
1492 4565 1525 4648 ἐξ
1546 4576 1639 4664 ἀρχῆς
1660 4572 1841 4638 συνέταττον
1863 4577 1891 4638 οἱ
1911 4575 2035 4645 ποιηταὶ
2055 4585 2118 4649 τοῖς
2139 4569 2293 4659 ἐλευθέροις
2418 4603 2419 4616 .

467 4675 523 4751 τὰς
544 4674 676 4766 ὀρχήσεις
698 4676 749 4738 καὶ
771 4676 901 4764 ἐχρῶντο
922 4687 985 4750 τοῖς
1006 4677 1137 4766 σχήμασι
1159 4677 1289 4766 σημείοις
1312 4676 1402 4766 μόνον
1428 4684 1491 4740 τῶν
1519 4665 1690 4765 ᾀδομένων,
1721 4685 1880 4764 τηροῦντες
1906 4677 1953 4741 ἀεὶ
1977 4676 2014 4740 τό
2036 4675 2152 4766 εὐγενὲς
2173 4676 2223 4739 καὶ
2244 4674 2291 4734 ἀν-

469 4766 580 4868 δρῶδες
603 4775 647 4840 ἐπ’
669 4779 783 4856 αὐτῶν,
812 4775 879 4841 ὅθεν
907 4779 958 4841 καὶ
985 4778 1185 4868 ὑπορχήματα
1210 4779 1401 4842 τὰτοιαῦτα
1421 4776 1653 4868 προσηγόρευον·
1684 4784 1709 4842 εί
1732 4768 1766 4842 δέ
1787 4803 1832 4855 τις
1854 4777 1990 4869 ἀμέτρως
2011 4767 2126 4849 διαθείη
2148 4779 2204 4848 τήν
2225 4793 2291 4862 οχο-

469 4880 649 4970 ματοποιίαν
675 4880 726 4943 καὶ
753 4889 820 4954 ταῖς
846 4869 938 4962 ᾠδαῖς
963 4880 1168 4970 ἐπιτυγχάνων
1195 4870 1289 4971 μηδὲν
1315 4869 1400 4969 λέγοι
1427 4880 1508 4944 κατά
1528 4879 1585 4950 τήν
1607 4880 1740 4969 ὄρχησιν,
1774 4875 1862 4956 οὐτος
1883 4871 1909 4944 δ’
1930 4875 1967 4953 ήν
1989 4869 2145 4968 ἀδόκιμος·
2178 4869 2222 4942 διό
2243 4871 2290 4936 καὶ
2418 4901 2419 4920 ι

468 4980 680 5072 Ἀριστοφάνης
701 4978 720 5054 ἢ
742 4980 877 5046 Πλάτων
899 4984 930 5047 ἐν
951 4993 1017 5058 ταῖς
1038 4981 1179 5064 Σκευαῖς,
1202 4988 1243 5058 ὡς
1263 4981 1449 5072 Χαμαιλέων
1471 4983 1573 5071 φησίν,
1597 4985 1711 5071 είρηκεν
1733 4983 1839 5057 οὐτως·
1972 5057 1978 5078 Ι

896 5079 988 5149 Ὦοτ’
1010 5089 1102 5160 εἴτις
1123 5081 1231 5174 ὀρχοῖτ’
1254 5078 1302 5166 εὐ,
1326 5081 1411 5174 θέαμ’
1432 5077 1482 5154 ἦν·
1504 5093 1554 5147 νῦν
1577 5073 1612 5148 δὲ
1634 5073 1741 5173 δρῶσιν
1763 5074 1863 5165 οὐδέν,

896 5185 963 5251 ἀλλ’
986 5187 1083 5276 ὥσπερ
1106 5188 1297 5260 ἀπόπληκτοι
1319 5176 1432 5260 στάδην
1455 5189 1584 5262 terrore<
1604 5187 1764 5276 ὠρύονται·
