4866 6178
951 423 1285 510 -aa-w

138 623 301 702 choream,
324 639 419 704 quam
439 619 473 681 in
495 617 608 680 itinera
631 631 689 678 suo
704 611 946 678 Br'o'udstadtius
961 613 1160 692 visitaverat,
1182 631 1296 694 aquarn
1313 609 1515 695 adportabat,
1537 618 1573 676 ut
1587 614 1731 694 aenigma
1744 611 1824 676 illud
1845 613 1975 697 tingeret

138 723 337 804 Simonides,
358 721 478 801 olfecit,
500 716 726 802 quodquidam
742 736 776 780 se
793 715 964 780 dissolvere
979 735 1087 800 posse,
1110 735 1162 778 eos
1186 713 1352 799 desperare
1375 733 1504 778 necesse
1527 719 1610 797 erat,
1633 716 1686 798 qui
1703 714 1904 780 difficultates
1919 737 1974 780 su-

139 849 251 914 perare
266 847 305 890 ex
324 828 433 910 potitae
448 823 514 886 vita
536 840 599 886 uon
620 818 805 884 didicerant.
840 819 987 882 Ceterum
1007 819 1101 881 aliam
1123 817 1217 881 huius
1241 818 1474 902 epigrammatis
1496 817 1784 901 interpretationem
1807 838 1901 901 quarn
1924 839 1975 882 me
2062 833 2068 845 ’

139 953 206 998 non
220 927 402 1010 intellegere
420 927 557 1008 ingenue
573 923 688 1001 fateor,
710 921 827 1006 profert
841 920 977 985 Ioannes
993 919 1117 984 Siculus
1139 921 1172 982 in
1196 917 1331 984 Soboliis
1354 918 1393 983 ad
1408 919 1614 1001 Hermogenis
1637 919 1681 984 ld.
1704 921 1739 983 in
1761 919 1874 984 Walaii
1896 921 1973 986 rhet.

139 1057 186 1120 gr.
210 1032 261 1098 VI.
283 1050 352 1116 pag.
373 1027 437 1092 200
459 1019 508 1110 (cl.
532 1025 691 1107 Anonymi
714 1043 837 1106 quoque
860 1021 963 1087 Schol.
987 1045 1035 1108 ap.
1059 1021 1158 1086 Walz.
1180 1021 1247 1086 VH.
1271 1021 1301 1084 9.
1324 1044 1354 1106 p.
1378 1013 1463 1104 9491.
1507 1021 1659 1086 Audierat
1681 1022 1809 1108 quidem
1831 1022 1869 1087 de
1891 1023 1975 1108 Epeo

140 1135 294 1220 quodam,
317 1131 367 1196 cui
389 1131 584 1194 lautissimae
607 1131 734 1212 paratae
758 1131 864 1189 essent
879 1126 1006 1210 apulae,
1029 1125 1083 1190 sed
1106 1126 1222 1189 nesciit
1242 1123 1301 1188 hoc
1324 1125 1450 1188 nomine
1473 1126 1597 1188 asinum
1619 1145 1689 1189 essa
1711 1129 1922 1208 nominatum,
1945 1132 1977 1191 et

141 1257 242 1323 quum
270 1234 420 1318 cogitaret
450 1231 488 1296 de
516 1231 682 1294 Homerico
712 1227 765 1292 illo
791 1227 891 1312 Epeo,
923 1235 991 1292 tum
1018 1229 1169 1312 temporis
1196 1229 1275 1291 ratio
1303 1246 1364 1290 non
1393 1227 1572 1306 constabat,
1601 1227 1656 1315 πρό
1684 1227 1741 1317 γὰρ
1764 1217 1932 1316 Σιμωνίδου
1959 1231 1976 1291 ό

140 1337 258 1412 Ἐπειός
285 1330 371 1410 οὗτος
397 1333 575 1422 τριακοσίοις
601 1328 620 1400 ἢ
643 1333 747 1393 πλεῖον
769 1334 864 1392 έτεσιν
886 1323 936 1408 ἧνς
964 1351 1059 1413 quum
1089 1328 1126 1393 de
1157 1328 1419 1412 amicoquodam
1447 1327 1635 1410 Simonidis,
1662 1329 1766 1394 nullos
1794 1330 1976 1396 inveniebat

142 1441 226 1508 seles
248 1441 282 1504 in
305 1439 528 1524 epigrammate
551 1432 622 1510 illo,
644 1431 734 1495 cuius
756 1431 850 1495 aliam
874 1433 1076 1516 scriptionem
1099 1431 1227 1495 exhibet
1248 1429 1384 1495 hancce:

652 1531 739 1621 Φημὶ
760 1533 813 1597 τόν
835 1536 890 1596 οὐκ
914 1531 1057 1596 ἐθέλοντα
1079 1533 1175 1622 φέρειν
1197 1531 1335 1624 τέττιγος
1356 1531 1464 1596 ἄεθλον

650 1645 697 1717 τῷ
719 1625 921 1718 Πανοπηιάδῃ
945 1635 1024 1725 μετὰ
1046 1625 1164 1698 δεῖπνον
1187 1623 1292 1698 δώσειν
1313 1633 1358 1699 ἐπ’
1379 1636 1433 1706 aa.

298 1743 379 1808 Tum
407 1744 549 1826 sequitur
576 1741 845 1824 interpretationis
872 1737 940 1803 loco
969 1738 1130 1803 doctrinae
1159 1759 1233 1803 suae
1262 1739 1422 1824 specimen
1450 1737 1588 1814 όπόνοις
1609 1742 1659 1803 καὶ
1680 1732 1834 1815 έξστοίσεσι
1854 1743 1977 1805 πολλῶν

144 1851 222 1914 ἑτῶν
245 1846 329 1935 μόλις
350 1845 459 1915 ἐνόησε.
504 1841 586 1922 Quid
608 1861 644 1906 eo
665 1840 800 1905 voluerit
820 1840 955 1905 Ioannes
977 1862 1105 1926 prorsus
1127 1843 1243 1924 ignoro.
1279 1842 1324 1907 of.
1348 1842 1577 1918 Schneidewin.
1598 1846 1632 1908 in
1654 1843 1729 1908 Sim.
1753 1843 1820 1907 Ital.
1843 1866 1874 1929 p.
1897 1844 1934 1906 V.

297 1948 412 2014 Athen.
435 1945 516 2010 XIV.
539 1945 601 2008 656
625 1967 651 2008 c.
693 1941 769 2032 Περὶ
792 1933 826 2007 δὲ
846 1947 950 2031 λαγῶν
971 1941 1156 2032 Χαμαιλέων
1179 1945 1265 2033 φησὶν
1288 1945 1319 2009 έν
1340 1955 1385 2028 τῷ
1407 1947 1472 2033 περὶ
1494 1934 1662 2034 Σιμωνίδου
1689 1950 1729 2020 ὡς
1751 1935 1877 2008 δειπνῶν
1898 1945 1980 2033 παρὰ
2028 1950 2078 2013 14.

144 2061 190 2134 τῷ
212 2049 315 2140 Ἱέρωνι
342 2053 358 2113 ό
385 2037 551 2138 Σιμωνίδης
578 2049 613 2110 οὐ
639 2043 859 2134 παρατεθέντος
881 2049 964 2128 αὐτῷ
987 2047 1035 2110 ἐπὶ
1056 2048 1111 2118 τόν
1134 2038 1284 2135 τράπεζαν
1306 2044 1439 2136 καθάπερ
1466 2049 1517 2110 καὶ
1539 2058 1601 2122 τοῖς
1623 2046 1724 2122 ἄλλοις
1745 2051 1881 2136 λαγωοῦ,
1910 2045 1977 2112 ἀλλ’

145 2155 267 2241 ὕστερον
288 2138 501 2242 μεταδιδόντος
522 2159 577 2212 τοῦ
600 2145 741 2236 Ἱέρωνος,
765 2137 981 2236 ἀπεσχεδίασεν

655 2240 741 2314 Οὐδὲ
763 2251 820 2340 γοὶρ
843 2238 905 2313 υόδΙ
927 2251 1010 2340 εόρός
1031 2273 1084 2340 περ
1108 2250 1165 2315 triv
1188 2242 1302 2326 ἐξίκετο
1325 2241 1420 2342 δεῦρο·

146 2359 238 2432 όντως
260 2346 294 2420 δὲ
315 2349 352 2426 ἦν
374 2360 414 2430 ὡς
435 2351 556 2427 ἀληθῶς
577 2345 679 2442 κίμβιξ
700 2341 901 2442 όΣιμωνίδης
922 2355 974 2417 καὶ
995 2343 1220 2443 αἰσχροκερδής,
1244 2355 1283 2429 ὡς
1304 2353 1491 2444 Χαμαιλέων
1513 2356 1612 2444 φησίν·
1635 2356 1665 2419 έν
1681 2352 1884 2444 Συρακούσαις
1905 2367 1977 2446 γοῦν

144 2469 200 2524 τοῦ
215 2457 342 2548 Ἱέρωνος
365 2455 605 2531 ἀποστέλλοντος
627 2458 710 2538 αὐτῷ
731 2455 773 2518 τοὶ
794 2453 861 2519 καθ’
883 2454 996 2546 ἡμέραν
1018 2459 1178 2545 λαμπρῶς,
1200 2460 1311 2520 πωλῶν
1332 2457 1373 2520 τοὶ
1394 2459 1487 2521 πλείω
1511 2447 1709 2546 όΣιμωνίδης
1729 2467 1791 2522 τῶν
1813 2457 1880 2548 παρ’
1902 2459 1978 2523 ἐκεί·

145 2583 197 2626 νου
218 2559 418 2651 πεμπομένων
440 2563 538 2642 ἑαυτῷ
561 2558 664 2648 μικρόν
686 2556 774 2646 μέρος
796 2557 969 2623 ἀπετίθετο·
992 2558 1131 2648 ἐρομένου
1155 2548 1189 2623 δέ
1210 2583 1289 2634 τινος
1309 2559 1366 2630 τὴν
1388 2561 1486 2624 αἰτίαν
1500 2553 1623 2640 Ὅπως,
1647 2557 1741 2640 εἶπεν,
1763 2559 1784 2632 r‘i
1802 2583 1838 2624 τε
1853 2559 1978 2650 Ἱέρωνος

146 2661 389 2756 μεγαλοπρέπεια
410 2661 586 2749 καταφανὴς
607 2653 627 2748 ᾖ
649 2662 700 2724 καὶ
722 2666 742 2733 ἡ
764 2663 823 2752 ἐμὴ
845 2662 1013 2751 κοσμιότης.

298 2768 374 2832 Post
396 2785 532 2852 pugnam
554 2763 595 2828 ad
609 2764 753 2829 Plataeas
776 2767 977 2830 commissam
999 2785 1080 2829 anno
1102 2764 1165 2828 478
1188 2787 1215 2831 a.
1232 2765 1303 2832 Chr.
1326 2785 1357 2830 n.
1381 2769 1475 2850 posta
1496 2787 1592 2831 senex
1614 2769 1647 2832 in
1663 2765 1803 2832 Siciliam
1818 2767 1978 2852 proiectus

146 2876 196 2935 est
216 2869 255 2934 ad
278 2869 463 2950 Hieronem,
486 2867 754 2950 Syracusanorum
775 2873 959 2951 tyrannum,
981 2874 1033 2950 ut,
1055 2869 1087 2930 ni
1110 2867 1215 2950 fallor,
1237 2869 1419 2933 inimicitias
1442 2869 1607 2953 effugeret,
1629 2889 1706 2953 quas
1730 2889 1768 2932 ex
1785 2869 1925 2933 amicitia
1947 2875 1979 2932 et

144 2973 320 3037 Pausaniae
348 2977 380 3035 et
406 2969 628 3036 Themistoclis
655 2969 717 3034 sibi
739 2970 957 3036 contraxisset.
1001 2971 1060 3049 Qui
1083 2991 1179 3054 quum
1201 2970 1241 3036 ad
1262 2977 1397 3036 mortem
1419 2972 1534 3037 autad
1556 2971 1685 3036 exilium
1705 2971 1979 3056 compellerentur,

146 3082 179 3139 et
199 3081 360 3159 praeterea
380 3072 565 3137 Timocreon
587 3071 743 3153 Rhodius,
770 3075 804 3137 iu
833 3077 899 3136 arte
929 3073 1087 3156 aemulus,
1114 3072 1309 3138 Simonidem
1338 3094 1377 3138 ax
1405 3072 1569 3139 hominum
1598 3075 1829 3138 existimatione
1855 3073 1978 3138 deicere

146 3178 303 3259 studeret,
324 3177 393 3258 hio,
415 3177 497 3240 sicut
518 3177 552 3237 in
573 3177 736 3239 iuventute
759 3175 841 3258 apud
863 3175 1080 3240 Pisistratidas
1101 3175 1235 3241 Athenis
1258 3183 1313 3240 aut
1334 3177 1416 3261 apud
1437 3175 1596 3261 Scopadas
1618 3179 1652 3240 in
1668 3176 1832 3241 Thessalia
1852 3177 1979 3256 lecerat,

145 3280 426 3366 locupletissimam
449 3277 716 3362 Syracusanorum
738 3278 866 3362 tyranni
887 3278 1014 3343 domum
1037 3279 1192 3360 visitavit,
1218 3286 1254 3344 ut
1280 3281 1314 3344 in
1341 3285 1482 3344 extrema
1506 3278 1572 3345 vita
1595 3279 1637 3342 'ah
1666 3300 1702 3344 eo
1725 3278 1979 3344 commoditatem

146 3382 277 3448 haberet
299 3383 331 3446 et
351 3382 602 3468 prosperitatem,
625 3400 719 3463 quam
740 3387 868 3466 propter
887 3383 1011 3466 privata
1033 3401 1090 3445 sua
1112 3386 1144 3446 et
1164 3381 1291 3466 publica
1313 3380 1444 3446 consilia
1464 3384 1618 3446 meruisse
1640 3381 1702 3446 sibi
1722 3381 1889 3446 videretur.
1931 3380 1978 3444 Da

148 3486 357 3566 carminibus,
379 3485 493 3568 quibus
515 3484 684 3548 Hieronem
707 3483 878 3548 celebravit
900 3481 1096 3564 Simonides,
1118 3483 1198 3572 nihil
1219 3485 1285 3548 lere
1300 3482 1341 3548 ad
1356 3505 1413 3549 nos
1428 3486 1581 3570 pervenit.
1620 3481 1870 3548 Chamaeleontis
1885 3485 1980 3566 igitur

147 3588 381 3652 narrationum
404 3585 536 3650 carmini
557 3585 614 3650 ulli
636 3605 706 3650 sese
729 3586 935 3672 applicaverit
955 3607 1018 3651 non
1041 3593 1181 3668 constat,
1203 3586 1373 3651 verisimile
1396 3594 1501 3651 tamen
1525 3594 1582 3652 est.
1621 3585 1816 3651 Simonidem
1838 3584 1978 3650 hocloco

148 3688 271 3754 inducit
291 3695 382 3753 acuta
405 3696 438 3753 et
459 3689 540 3754 salse
556 3689 730 3772 dicentem,
753 3688 877 3774 qualem
891 3691 955 3753 iam
970 3710 1065 3774 supra
1087 3691 1168 3774 (pag.
1184 3687 1237 3774 22)
1260 3691 1293 3753 in
1308 3689 1498 3754 iuvenilibus
1513 3691 1747 3774 epigrammatis
1766 3687 1978 3770 cognovimus.

148 3791 291 3857 Ridicule
314 3812 389 3856 sane
412 3791 519 3856 Iliadis
540 3812 665 3857 versum
688 3782 721 3873 ἱ,
743 3791 783 3856 33
806 3811 863 3876 per
884 3790 1053 3857 ludibrium
1077 3791 1225 3874 detorsit,
1253 3797 1285 3856 et
1312 3791 1517 3856 humanitatis
1546 3798 1579 3855 et
1599 3791 1714 3876 leporis
1740 3791 1834 3875 plena
1855 3795 1905 3854 est
1924 3788 1980 3853 illa

148 3895 309 3981 responsio
331 3893 372 3957 ad
394 3893 557 3960 cuiusdam
578 3893 715 3959 heminis
737 3895 1029 3977 interrogationem:
1058 3915 1113 3958 cur
1136 3917 1154 3956 a
1176 3894 1356 3978 quotidiano
1378 3895 1481 3978 victu,
1510 3914 1603 3978 quem
1625 3895 1720 3959 lliero
1743 3913 1799 3958 rex
1820 3895 1849 3957 ei
1870 3895 1979 3957 mitte·

148 4001 213 4078 ret,
234 3998 404 4060 maximam
426 4003 547 4082 partem
568 3997 734 4076 venderet;
761 3997 854 4061 homo
882 3999 967 4061 enim
993 3995 1132 4082 prudens
1161 4003 1193 4061 et
1220 3983 1345 4081 elegans
1368 3999 1479 4061 vitium
1501 4017 1593 4061 suurn
1615 4018 1678 4062 non
1700 4003 1765 4061 tam
1788 3994 1900 4080 cupide
1924 4015 1978 4058 ex·

149 4097 287 4180 cusavit,
309 4118 404 4182 quam
425 4097 507 4163 salec
531 4099 693 4164 confessus
716 4107 778 4178 est3
812 4119 873 4182 quo
900 4101 934 4162 in
960 4099 1093 4164 artificio
1116 4099 1176 4164 sibi
1200 4099 1365 4164 constabat
1385 4105 1487 4185 podta.
1532 4099 1577 4165 Cl.
1600 4099 1729 4164 Aristot.
1752 4097 1843 4163 Rhet.
1867 4097 1905 4179 9,
1929 4096 1978 4162 16.

148 4201 212 4267 Ioh.
236 4199 323 4266 Stob.
345 4199 424 4265 lllcr.
447 4201 504 4282 91,
526 4199 577 4265 31.
622 4201 739 4279 Quodsi
763 4201 971 4267 Chamaeleon
994 4205 1119 4287 politam
1145 4204 1302 4288 vituperat
1327 4207 1454 4288 propter
1480 4201 1640 4267 sordidam
1661 4201 1740 4267 lueri
1763 4200 1980 4285 cupiditatem,

150 4324 186 4368 aa
206 4305 241 4367 in
262 4323 296 4368 re
319 4305 409 4387 sequi
429 4302 553 4367 videtur
566 4304 751 4387 Pindarum,
774 4306 827 4389 qui
841 4304 932 4369 initio
947 4304 1091 4369 Isthmici
1113 4307 1262 4369 carminis
1284 4304 1431 4387 secundi,
1454 4310 1486 4369 et
1499 4303 1759 4389 Aristophanem,
1780 4305 1883 4387 quiin
1896 4302 1979 4366 Pace

149 4425 177 4469 v.
201 4407 263 4470 699
284 4405 392 4487 Diod,
414 4407 441 4468 si
462 4404 541 4469 fides
564 4411 613 4470 est
633 4408 791 4472 veteribus
814 4407 1060 4490 enarratoribus,
1087 4429 1207 4472 moram
1229 4409 1296 4472 eius
1318 4407 1596 4493 reprehenderunt.
1640 4405 1825 4472 Aristoteles
1847 4423 1981 4489 quoque,

149 4515 184 4572 ut
206 4508 244 4573 de
272 4507 496 4594 posterioribus
523 4515 646 4572 taceam
673 4508 727 4593 (cl.
756 4531 887 4593 quorum
914 4512 1095 4575 testimonia
1122 4510 1382 4576 Schneidewinus
1409 4511 1567 4595 congessit
1592 4531 1622 4596 p.
1645 4509 1745 4573 XXIV
1767 4507 1869 4592 squ),
1899 4506 1980 4570 Cha·

150 4610 315 4676 maeleonti
337 4613 370 4674 in
393 4611 622 4696 vituperatione
644 4615 755 4696 potitae
778 4613 959 4699 praecessit.
1004 4615 1070 4692 Quo
1092 4612 1263 4679 Simonidis
1291 4615 1431 4678 carmine
1458 4591 1618 4698 perlnotus
1641 4610 1849 4676 Chamaeleon
1871 4629 1979 4674 narra·

150 4715 267 4777 tionem
288 4713 378 4778 illam
399 4711 579 4799 protulerit,
602 4714 641 4778 ab
657 4713 819 4780 Athenaeo
842 4735 904 4780 non
928 4715 1059 4794 dicitur3
1081 4737 1183 4801 nequa
1206 4714 1239 4781 id
1260 4719 1393 4798 mirum,
1414 4737 1489 4780 nam
1510 4713 1691 4801 posterioris
1713 4717 1825 4778 aetatis
1847 4714 1980 4797 scripto·

151 4837 218 4880 rurn
240 4818 340 4898 magis
360 4817 513 4880 intererat
534 4819 727 4882 narrationes
750 4839 844 4903 quarn
867 4820 1008 4882 carmina
1029 4824 1185 4904 repetere3
1212 4819 1302 4884 initio
1324 4825 1430 4883 autem
1452 4838 1505 4883 aas
1527 4817 1569 4884 ad
1589 4816 1644 4882 illa
1664 4815 1901 4902 interpretanda
1921 4833 1980 4878 uec

152 4920 219 4982 sina
241 4917 303 4982 illia
326 4939 346 4982 a
364 4918 583 5004 Peripateticis
605 4939 674 4983 esse
697 4920 798 4984 editas
820 4917 897 4986 adeo
921 4920 1069 5003 arbitror,
1097 4926 1133 4985 ut
1160 4940 1268 4986 omnes
1296 4941 1375 5006 quaa
1403 4920 1479 4986 alibi
1500 4920 1704 4986 inveniantur
1724 4917 1919 4983 narrationes
1941 4937 1982 4981 ex

152 5021 218 5083 eius
246 5020 331 5086 modi
361 5022 596 5106 scriptiunculis
626 5025 716 5106 quasi
745 5021 889 5087 flosculos
917 5021 1082 5108 decerptas
1110 5044 1179 5088 esse
1207 5026 1273 5088 iure
1302 5024 1476 5088 coniecisse
1498 5022 1576 5088 mihi
1596 5021 1714 5088 videar.
1757 5021 1804 5087 Ex
1825 5022 1865 5084 iis
1886 5019 1981 5104 igitur

152 5120 363 5202 deduxerunt,
385 5145 464 5208 quae
480 5125 519 5190 de
534 5125 694 5191 Simonide
709 5124 786 5190 alibi
801 5131 968 5190 narrantur
981 5123 1070 5190 velut
1084 5147 1104 5189 a
1119 5125 1295 5190 Callistrato
1310 5129 1344 5190 iu
1358 5123 1488 5192 hllscell.
1510 5125 1594 5212 apud
1611 5125 1725 5190 Athen.
1740 5123 1801 5206 ΠΙ,
1817 5121 1887 5187 125.
1904 5144 1930 5187 c.
1946 5123 1981 5186 in

151 5223 279 5290 Anthol.
302 5224 397 5292 Palat.
422 5227 510 5310 lllll,
530 5227 580 5293 30.
604 5228 672 5311 vll,
695 5227 785 5311 348,
806 5250 826 5292 a
846 5225 1014 5292 Plutarcho
1036 5229 1070 5292 in
1091 5227 1172 5292 Aud.
1185 5232 1277 5314 ‚podt
1299 5251 1330 5314 p.
1348 5227 1396 5292 15.
1421 5250 1447 5294 o.
1469 5230 1503 5293 in
1526 5227 1649 5294 Consol.
1672 5227 1713 5294 ad
1734 5225 1837 5314 Apoll.
1860 5248 1891 5312 p.
1909 5223 1980 5290 105.
